2330 4122
83 223 87 234 Ι
165 227 260 329 (³⁴2
329 209 1019 342 Quedregerimunquintum-cspst

193 367 316 454 echione
337 371 453 470 dignusss
485 397 559 466 ‘Non
582 397 657 456 enirn
678 391 735 458 dici
756 406 809 460 ant
830 397 1045 476 credipotest,
1065 417 1133 476 qnos

197 484 317 552 difficile
351 494 391 553 sit
429 497 553 559 animam
575 486 842 577 ¹‹lesperohundnm
872 508 905 560 et
936 500 1134 562 conscientian

82 653 84 667 Ι
149 595 159 690 ‚¹
195 593 366 678 ‘absorptam
388 599 515 662 tristitie
529 601 647 680 erigere
669 609 701 662 et
726 589 920 664 renoscitere.
963 604 1136 670 nouerca

114 729 117 740 v
167 703 391 786 [tentationem
418 711 486 764 sunt
515 703 605 765 docile
634 689 854 782 exhilarantur,
887 708 944 766 sed
975 707 1039 767 hoc
1070 729 1137 787 opos,

196 803 245 864 hio
266 805 351 865 lahor
372 815 434 880 ert,
466 827 547 880 enm,
568 807 618 887 lpui
638 827 771 868 moerore
800 817 832 868 ct
859 807 987 869 tristitia
1010 809 1139 887 spirituali

48 935 49 943 ι
120 905 125 916 ’
157 929 160 939 ¹
195 927 358 994 oppressus
375 909 478 992 jacet,
509 913 652 971 reducere
674 911 915 989 adagnitionem
939 917 972 972 et
994 910 1137 985 fidenn-

157 1055 169 1108 '.
196 1011 299 1107 nitatis
322 1019 354 1072 et
375 1015 550 1090 clementino
573 1015 724 1075 divinac.'

248 1112 430 1184 Videmus,
458 1125 569 1194 quante
600 1113 825 1197 longanimitate
851 1119 884 1172 et
906 1111 1055 1175 comitate
1075 1117 1138 1176 cln-

92 1245 98 1252 ·
197 1223 262 1277 stus
282 1221 395 1277 tractat
416 1236 487 1276 suos
510 1217 668 1296 discipulos
689 1223 758 1294 post
777 1213 1049 1288 resurrectionem,
1070 1237 1137 1295 ιιιιι

140 1385 147 1402 l
197 1315 305 1379 h'lande
334 1339 387 1380 eos
418 1321 593 1398 compellet,
628 1319 768 1380 ostendat
795 1321 838 1380 eis
846 1316 972 1380 menne
1005 1328 1040 1379 ct
1067 1321 1138 1390 latus,

199 1426 236 1482 hc
265 1421 455 1503 palpandum,
485 1421 673 1494 audiendum,
699 1421 854 1485 videndum
876 1443 911 1482 se
933 1422 1130 1501 proelrect,¹
1112 1444 1138 1482 u

200 1523 267 1584 hum
292 1544 352 1584 nna
380 1525 479 1603 cupiat
512 1545 548 1586 cc
577 1525 744 1608 dulcissima
773 1513 922 1606 colloquia
952 1523 1095 1593 misceat,
1116 1533 1139 1581 et

197 1633 297 1688 tamen
326 1647 384 1688 non
414 1637 538 1706 possunt
569 1627 667 1690 statim
695 1646 763 1716 sese
790 1631 946 1712 colligere.
989 1629 1037 1688 Et
1055 1625 1140 1706 Ange·

198 1732 262 1803 lus,
285 1731 349 1790 ouon
368 1729 453 1808 jubet
474 1731 601 1790 nuntiari
628 1731 776 1811 discipulis
797 1731 1054 1792 resurrectionem
1075 1729 1139 1786 ctri-

199 1831 282 1904 itl,
273 1822 401 1910 cuprinis
423 1831 515 1890 l’etro
537 1831 660 1893 indicari
680 1835 758 1907 vult,
788 1842 949 1913 propterea
975 1832 1102 1910 quodie
1118 1834 1138 1890 ie

168 1927 171 1938 ’
200 1933 317 1996 thmuils
338 1935 484 2015 angustiis
506 1943 580 2004 erat,
603 1935 655 1996 der
668 1929 762 1998 kunut
778 1937 834 1999 das
854 1946 943 2023 2315
964 1936 1053 1995 wohl
1069 1935 1139 1994 doch

200 2015 293 2099 n‘l‘r'en
332 2039 402 2098 Ter
421 2027 587 2119 negaverat
608 2039 768 2113 Dominum,
793 2043 921 2120 seipsum
943 2038 1050 2099 fuerat
1070 2058 1138 2097 ensc-

200 2141 315 2213 cratus,
336 2143 430 2203 ceteri
452 2142 604 2223 fugerant.
646 2144 716 2202 ldeo
737 2143 908 2204 necessario
932 2149 965 2202 et
986 2149 1138 2219 opportune

201 2223 237 2306 ah
266 2244 384 2326 Angelc
416 2245 473 2305 hoo
501 2247 681 2308 addebatur:
717 2248 759 2308 Et
787 2247 897 2319 l’etro,
919 2250 980 2302 etc.
1034 2243 1137 2307 (luente

200 2369 271 2436 vero
301 2347 472 2410 sinceritate
502 2347 631 2426 loquitur
659 2349 822 2409 Zacharias
852 2347 891 2406 nd
911 2347 1098 2416 zorobabel,
1115 2359 1136 2404 et

103 2449 111 2462 “
201 2441 341 2534 leliquia's
361 2451 501 2511 reductas
524 2469 563 2508 ex
585 2450 757 2527 captivitate
776 2451 970 2528 Babylonica,
992 2457 1132 2528 anteque·

88 2605 91 2615 .
202 2549 256 2614 'eds'
278 2560 461 2642 congreget,
490 2549 645 2612 confirmet
672 2562 703 2613 et
728 2545 943 2633 quodammodo
966 2573 1010 2613 ex
1032 2555 1132 2612 mortui

202 2653 338 2720 suscitet.
379 2655 472 2718 Multo
496 2656 570 2715 enim
592 2653 738 2728 difficillus
760 2665 815 2726 est,
834 2657 985 2718 consolari
1002 2656 1131 2716 conscios

202 2759 273 2820 ham
293 2755 452 2829 afflictum,
474 2775 559 2838 quem
579 2755 715 2817 excitare
732 2753 875 2817 mortuos.

172 2937 177 2942 ¹
249 2863 336 2941 Sic
356 2862 469 2923 Paulus
489 2866 645 2940 postquem
667 2863 849 2939 corripuerat
870 2859 905 2920 in
919 2859 1018 2939 prima
1036 2859 1076 2920 ad
1094 2861 1129 2919 Co

201 2923 326 3027 rinlhios
344 2964 442 3036 illum,
470 2963 518 3043 qui
541 2962 668 3024 duxerat
689 2983 846 3025 novercam
866 2984 977 3044 magno
1009 2964 1129 3024 scendo

202 3063 376 3140 Ecclesiae,
404 3066 433 3127 in
462 3067 560 3150 altera
581 3065 707 3146 epistola
728 3055 879 3148 significat
899 3089 1002 3129 ennam
1025 3077 1057 3128 et
1072 3070 1128 3128 rolli·

163 3191 164 3199 ¹
203 3167 361 3234 titudinem
382 3188 484 3242 sunm,
508 3192 547 3233 nc
568 3169 648 3231 forte
669 3175 826 3248 peccasset
848 3171 933 3231 nimia
955 3173 1127 3238 vehementis,

204 3292 376 3356 quamquam
404 3273 473 3334 nihil
508 3276 633 3336 alienum
664 3294 683 3333 s
712 3291 766 3332 suo
795 3271 896 3354 odiopo
928 3271 1125 3347 feccrct‚'nu

188 3361 342 3470 'priorem-s
357 3366 572 3456 correptionem
599 3371 850 3456 reprehendebat,
886 3373 941 3433 se'd
971 3375 1060 3453 jnhet
1082 3397 1124 3436 em

171 3489 173 3496 ’
204 3481 280 3561 erigi
301 3499 401 3540 rursus
423 3488 454 3540 et
476 3477 657 3550 ‘confirmem
679 3497 716 3537 ne
737 3476 1081 3564 absorbeaturtristitia.

284 3582 372 3642 Duris
394 3601 464 3642 vero
486 3589 518 3640 et
537 3579 711 3641 insensatis.
727 3577 795 3637 nihil
816 3585 916 3654 potest
936 3579 1014 3639 satis
1036 3579 1087 3639 dici
1102 3579 1124 3637 el

164 3723 168 3732 ·
206 3685 413 3744 'conterendum
435 3693 466 3744 et
486 3682 698 3755 humiliandum,
720 3680 787 3762 quin
805 3700 862 3742 non
877 3679 1051 3746 efficiuntur
1069 3695 1124 3744 ιιιι
