2330 4122
356 211 361 223 l
457 253 619 330 genesis
688 239 748 317 Γ.
948 235 1010 323 887
1139 325 1143 333 ,

28 386 216 460 seculare,
251 389 312 452 sive
339 414 447 454 morem
476 400 601 477 patrium
630 413 661 464 ct
677 405 861 484 mundanum
891 425 1009 484 possunt

27 488 235 569 corrigere,
265 502 317 552 aut
346 495 638 584 paterclanum
669 527 729 589 ego
760 530 831 570 cnm
854 509 1017 588 voluptate

29 593 179 657 patrem
201 600 231 652 et
251 595 417 658 universam
438 601 576 665 familiam
605 615 704 718 tuane
732 612 788 696 etsi
816 621 884 673 sunt
907 607 1041 691 opilio·

33 704 130 764 uest,
156 676 291 774 aspicere
314 712 345 762 et
366 707 497 783 recipere
519 713 648 790 cupio.

140 795 258 860 Utinam
280 804 366 864 hodie
389 829 504 889 quoque
533 817 610 876 tales
631 818 776 911 principes
801 818 900 895 plures
919 815 1005 876 haha-

31 909 170 958 remns.
229 904 299 964 Fuit
329 909 403 982 eninr
431 911 507 973 haec
535 919 687 980 excellens
720 929 752 981 et
771 917 1005 997 incomparabilis

34 993 154 1058 virtus
187 1001 216 1061 in
249 1025 323 1086 rege
352 1009 543 1087 Pharaone,
540 1039 632 1098 quse
664 1023 768 1082 merito
801 1021 838 1087 ab
873 1020 1004 1080 omnihus
1068 1029 1070 1034 '
1105 1080 1110 1086 .
1138 1069 1147 1096 4

34 1103 264 1178 praedicatur,
290 1130 329 1169 ac
361 1100 475 1189 plenum
505 1114 597 1188 fuisse
619 1115 678 1184 fidi
706 1133 738 1184 et
759 1123 886 1207 Spiritu
899 1128 1003 1182 sancto

35 1199 126 1261 inda
150 1217 289 1285 apparet,
311 1215 390 1292 quod
410 1225 495 1280 tauta
516 1194 737 1318 benevolentia,
769 1235 799 1286 et
821 1225 917 1307 gratis
939 1225 1003 1284 elne

35 1302 119 1364 ulla
150 1311 310 1387 cupiditate
337 1313 420 1378 fovet
448 1325 613 1388 ecclesiam.
674 1332 747 1390 llam
781 1330 839 1392 hoc
870 1337 1003 1406 tomum

37 1408 203 1468 multos
195 1414 341 1488 invenias,
373 1420 420 1498 qui
453 1431 601 1507 evangelii
633 1431 795 1493 doctrinam
826 1429 1003 1510 profitentur

39 1513 217 1592 tantisper,
239 1516 333 1613 donec
354 1525 527 1603 parochias,
550 1527 680 1614 collegia
702 1543 733 1595 et
753 1533 933 1593 monasteria
951 1552 1001 1592 ex·
1066 1551 1086 1565 ”
1146 1541 1147 1550 ’

40 1615 185 1690 pilariut·
246 1617 530 1703 Paucissimisunt‚
563 1635 611 1712 qui
638 1636 758 1714 pietatis
788 1636 885 1697 studio
907 1644 1001 1696 etex
1090 1679 1095 1689 -

43 1718 153 1778 animo
192 1719 295 1784 favent
329 1725 497 1792 doctoribus
533 1743 564 1794 et
595 1741 763 1816 pastoribus
799 1739 998 1800 ecclesiarum.
1038 1760 1061 1828 ³,

45 1822 90 1879 Si
113 1823 254 1902 quivero
277 1838 344 1890 sunt
366 1835 456 1907 tales,
489 1839 517 1898 hi
538 1840 703 1900 Pharaonis
731 1843 894 1920 exemplum
916 1848 999 1903 recte

46 1935 236 2004 sequuntur,
265 1932 317 1989 sed
340 1935 475 2010 profecto
498 1942 761 2022 religiosissimum,
784 1945 997 2006 sanctissimum
1026 1949 1028 1961 '

46 2039 87 2086 et
117 2031 385 2097 christianissimum
408 2051 463 2102 est.
514 2047 578 2104 Nou
601 2047 674 2105 eninr
695 2048 857 2130 privatis
839 2048 997 2106 commodis
1098 2124 1104 2134 Ι

21 2127 164 2202 inhiat,
186 2145 281 2212 neque
302 2138 380 2210 aliud
402 2145 553 2224 quicquam
575 2149 721 2226 spectat'
713 2170 742 2208 ιι
764 2125 997 2212 fovealaeccle·
1024 2155 1027 2162 “

47 2232 116 2302 sia,
149 2236 233 2311 qoam
264 2237 405 2314 pietatem
432 2251 463 2303 et
488 2249 681 2338 religionem,
719 2253 786 2313 nihil
820 2255 897 2331 rapit
923 2255 996 2334 ipse,
1044 2268 1055 2355 χ’

47 2335 124 2412 quin
153 2338 250 2420 potius
282 2343 377 2404 omnia
405 2346 482 2408 hona
509 2371 563 2412 sua
590 2353 693 2426 offert,
723 2361 754 2414 et
781 2354 930 2434 profundit
959 2355 996 2416 ad
1146 2407 1147 2414 ι

47 2431 191 2498 tuendaui
215 2450 244 2500 et
267 2445 400 2507 alendam
423 2449 545 2512 domurn
556 2455 654 2514 lncoh.

137 2541 169 2600 ld
192 2547 355 2624 exemplum
381 2550 515 2628 profecto
539 2555 735 2647 dignissimum
758 2569 818 2632 cst,
841 2557 917 2639 qoo'd
939 2582 995 2622 orn·

48 2663 107 2702 nes
128 2664 231 2725 reges,
253 2650 406 2728 principes,
428 2656 629 2734 magistratus,
651 2661 762 2746 nobiles
784 2663 812 2721 in
827 2673 995 2740 [conspectu
1068 2709 1073 2734 .

51 2747 198 2822 habeant,
228 2773 264 2812 ac
294 2774 404 2814 summu
433 2758 529 2816 studio
559 2759 706 2819 imitentur
737 2761 765 2822 in
799 2763 934 2826 fovendis
964 2779 995 2827 et

51 2853 254 2911 sustentandis
290 2855 345 2934 piis
380 2859 560 2937 pastoribus,
599 2863 754 2930 ministris,
775 2867 930 2928 Ecclesiae
963 2853 1037 2929 et'⁴
1082 2925 1085 2936 ,

51 2953 248 3014 scholasticis.
301 2959 364 3018 Sed
391 2964 566 3024 contrarium
593 2966 679 3026 hodie
701 2965 749 3039 fit,
783 2987 839 3030 nou
862 2971 954 3030 solum
976 2975 1004 3034 ι’
1088 2971 1094 2982 ’

49 3053 231 3128 Pontificiis,
254 3060 368 3120 soliis
397 3064 484 3124 etiarn
513 3067 561 3148 qui
588 3065 818 3130 emandationem
844 3073 993 3138 Ecclesia
1062 3074 1070 3081 ”

50 3176 113 3220 rusa
144 3159 297 3223 instituunt
327 3173 358 3224 et
378 3185 415 3233 eo
442 3179 606 3247 praetextu
630 3176 757 3254 spoliant
784 3175 975 3244 Ecclesias'
957 3201 992 3244 ns

49 3261 149 3334 honis,
158 3282 246 3343 quae
269 3268 306 3327 ad
328 3251 579 3336 conterralionetn
602 3275 765 3336 ministerii
772 3284 803 3336 et
825 3281 992 3344 scholarum

51 3365 250 3430 conferendae
273 3381 365 3432 erant.
807 3426 811 3449 .

131 3470 269 3532 Getarum
299 3475 400 3537 ἁιιιοε
431 3461 519 3539 lucoh
550 3481 689 3562 intelligit
716 3501 772 3544 non
795 3485 877 3566 ligna
900 3499 930 3548 et
952 3495 1028 3583 Ιιι·χΙ

50 3571 146 3648 pilus,
166 3595 262 3674 neque
286 3579 360 3638 enim
380 3580 551 3643 hahitavit'
543 3603 604 3661 ipse
628 3603 691 3642 cunr
712 3582 809 3647 filiis
800 3609 828 3647 ιι
851 3591 1007 3668 domibus

51 3677 131 3736 sed
123 3699 151 3739 ιι
171 3679 385 3758 tabernaculis,
414 3703 495 3747 mora
522 3695 670 3764 pastorum
692 3685 836 3762 tronum,
864 3703 915 3768 aut
938 3699 991 3758 No·

689 3790 769 3849 ‘25²²
