2330 4122
140 223 235 304 '³94'
296 234 975 333 quadragesimumqmntumcaput

42 431 44 436 -
166 397 232 479 tum¹
249 375 398 469 eontinet,
420 369 557 476 quantum
580 400 678 460 asinus
699 408 801 479 potest
822 400 918 472 ferre,
944 399 992 459 ein
1014 403 1103 464 sust-

48 491 64 510 ”
117 511 120 514 ·
164 493 223 567 iel,
245 497 320 558 oder·
338 491 454 564 Melior.
497 503 558 563 Sed
574 501 765 564 ¹foemininum
790 489 886 592 iiiii}
911 505 1012 564 ‘asina
1041 509 1104 585 apud

163 586 323 664 Hebraeos
343 625 402 666 uon
423 607 557 687 sequitur
582 610 809 689 etymologiam,
838 596 940 688 anuo
964 609 1063 669 Latini
1080 623 1103 670 et

167 705 306 768 Germani
327 727 398 769 suas
420 697 633 788 appellationes
656 710 782 770 mutuati·
800 718 878 772 suut.
929 711 1021 772 Bona
1041 697 1111 778 sero,

166 809 297 892 Aegypti
318 812 415 892 qualia
436 811 561 884 fuerint,
581 831 639 872 nou
667 812 741 872 satis
767 812 845 884 seio,
866 813 948 874 haud
973 813 1057 872 dubie
1075 815 1102 873 de

130 953 133 968 .
166 912 303 995 frugibus
324 921 355 974 et
375 923 456 974 terra
475 913 666 974 nascentibus
696 913 789 984 misit,
819 914 926 993 quibus
957 916 1102 979 honoraret

165 1007 332 1096 putentem,
354 1026 385 1078 et
405 1018 599 1097 persuaderet
618 1015 688 1094 ipsi,
710 1034 743 1078 se
765 1015 958 1076 adhue‘eese
982 1023 1100 1096 supersti-

166 1127 236 1180 tem.
286 1117 349 1180 Nee
376 1119 524 1180 mediocre
558 1136 632 1176 onus
665 1115 722 1176 fuit
753 1118 929 1196 optimarum
959 1141 1052 1182 rerum
1068 1144 1100 1184 ex

166 1213 324 1301 Aegypto,
357 1222 435 1302 quod
466 1223 566 1282 decem
596 1217 672 1280 asini
699 1216 778 1278 ferre
809 1227 988 1308 potuerunt.
1030 1223 1103 1304 Cogi·

166 1324 242 1385 tavit
262 1323 386 1402 tosepir,
407 1323 437 1383 id
457 1325 535 1404 quod
555 1343 603 1382 res
625 1329 707 1392 erat,
734 1330 819 1400 pater
841 1315 927 1383 meu's
948 1327 1104 1406 aegerrime

168 1427 222 1488 sthi
242 1425 414 1506 persuaderi
434 1427 563 1506 patietur·
583 1445 628 1486 me
649 1425 770 1495 vivere,
795 1428 975 1502 praesertim
996 1431 1104 1489 veroin

167 1521 253 1589 ta'nto
274 1530 387 1591 honore
416 1539 448 1589 et
473 1528 629 1608 dignitate.
685 1527 757 1586 ideo
784 1527 981 1608 magnifieum
1008 1539 1039 1589 et
1071 1551 1104 1591 re·

168 1632 239 1713 gule
258 1649 362 1691 munus
383 1631 524 1701 adornat,
551 1637 584 1690 ut
604 1617 856 1709 intelligat,'uou
876 1633 1007 1706 hominis
1028 1635 1105 1712 priua·

167 1735 206 1808 ti,
237 1735 286 1814 qui
316 1734 367 1795 vix
392 1753 478 1792 uuum
504 1734 615 1795 asinum
646 1735 788 1805 misisset,
819 1733 877 1792 hoe
908 1734 1019 1792 donum
1041 1757 1106 1807 esse,

167 1837 221 1899 ted
240 1836 377 1916 principie
403 1836 542 1916 Aegypti.
591 1835 707 1896 Deinde
735 1847 768 1896 ut
789 1839 1030 1898 consolationem
1050 1841 1106 1901 iude

167 1939 292 2012 habeat,
321 1957 386 1999 eom
413 1937 528 2009 audiat,
548 1940 627 1998 'eum
655 1937 713 1999 non
742 1941 834 1998 solum
865 1942 991 2013 uivere,
1015 1947 1067 2004 sed
1084 1959 1107 2006 et

168 2043 310 2105 dominari
329 2041 357 2102 in
379 2043 534 2122 Aegypto,
563 2041 630 2100 ideo
657 2063 717 2102 nou
745 2052 857 2103 tautum
880 2047 1001 2108 cibaria
1023 2058 1053 2107 et
1071 2071 1106 2109 re·

168 2157 232 2210 stes
252 2147 353 2219 mittit,
382 2165 481 2206 verum
509 2144 596 2204 etium
618 2145 743 2223 optimos
764 2167 898 2227 quosque
923 2158 957 2210 et
980 2151 1109 2210 nobilissi-

167 2271 231 2313 mos
252 2252 367 2326 fruetus
387 2237 548 2330 Aegypti„

250 2359 351 2418 Moses
372 2362 434 2414 tres
455 2355 570 2432 speeies
595 2354 797 2414 alimentorum
825 2362 1004 2415 enumerat:
1034 2339 1105 2427 0Πῆ

169 2455 252 2542 quod
274 2460 390 2541 proprie
420 2478 533 2517 omnem
565 2477 676 2532 eseam
694 2458 859 2538 significat,
888 2452 947 2518 'nic
972 2480 1051 2518 vern
1070 2445 1103 2552 pio

167 2585 244 2644 pane
274 2564 429 2641 accipitur,
450 2562 545 2635 Brod,
578 2563 734 2642 gebackeu
766 2565 902 2622 semmei.
957 2572 1020 2661 Ὃ*
1068 2564 1110 2622 fm-

76 2703 82 2710 ·
168 2677 310 2739 mentum,
341 2664 422 2727 sack
453 2667 512 2728 voli
539 2669 672 2737 Kornos,
707 2688 742 2726 ao
764 2667 885 2745 'proprie
907 2667 1046 2726 eiectum
1067 2667 1112 2725 iru-

150 2759 295 2830 'moutum
328 2768 483 2848 designat,
513 2769 640 2828 triticum
670 2773 716 2829 vei
741 2768 908 2850 siliginem,
938 2772 1114 2862 adjectiuun

42 2873 49 2886 “
169 2877 243 2935 euim
265 2877 391 2934 eiectum
412 2881 444 2932 et
463 2893 563 2952 purum
586 2871 745 2953 siguificat.
764 2919 769 2933 .
786 2875 871 2934 Haec
895 2875 996 2946 addit,
1021 2883 1056 2932 ut
1075 2875 1114 2932 ha-

167 2979 273 3050 beant,
303 2977 379 3036 unde
400 2964 500 3038 vivant
519 2977 574 3056 ipsi
594 2979 622 3035 in
643 2973 763 3063 itinere,
793 2986 824 3036 et
852 2977 930 3034 domi
962 2978 1047 3054 apud
1076 2999 1115 3054 pr-

68 3147 72 3160 x
103 3078 105 3084 ’
168 3086 256 3151 mem,
278 3089 310 3140 ot
330 3078 409 3158 quod
431 3080 578 3158 reliquum.
593 3086 655 3149 est,
677 3079 806 3139 vendant
826 3079 855 3137 in
877 3087 961 3138 terro
984 3081 1115 3148 Cannas,

167 3182 331 3263 profecturi
352 3167 581 3262 indegyptum.
604 3175 686 3282 {idq
709 3166 901 3252 adunando,
931 3182 998 3241 sive
1022 3181 1116 3260 proie-

167 3287 278 3358 rendo,
303 3293 339 3346 ut
366 3286 447 3346 Psoi.
465 3287 537 3358 131,
567 3289 613 3346 15η.
665 3285 850 3348 Promtuaria
880 3307 982 3346 eorum
1026 3287 1116 3364 plena,

47 3405 51 3411 ’
169 3380 321 3467 significat
348 3407 451 3466 penum
484 3387 689 3460 domesticam,
719 3369 826 3468 pudeo,
855 3408 975 3459 carues,
1009 3397 1116 3467 potum,

166 3491 318 3566 butyrum,
340 3507 475 3562 eoseum,
496 3509 567 3562 ouo,
589 3498 621 3550 et
642 3480 766 3563 similia,
780 3511 901 3570 quorum
922 3495 996 3550 usus
1023 3501 1078 3550 est
1095 3491 1115 3549 iu

168 3590 250 3668 vietu-
268 3591 449 3670 quotidiauo.
620 3589 623 3594 ’
681 3585 705 3678 ’”
858 3671 864 3684 Ι

161 3716 164 3720 ·
197 3741 199 3746 x
241 3691 371 3796 ¹Profert
395 3694 489 3774 igitur
515 3687 694 3786 promtuaria
716 3695 807 3758 omnis
820 3795 823 3800 .
836 3693 955 3777 generis
984 3715 1048 3774 pro
1080 3715 1117 3774 pa·

250 3975 332 4013 ‘i'
456 4007 459 4014 .
