<?xml version="1.0" encoding="UTF-8"?>
<!DOCTYPE html PUBLIC "-//W3C//DTD XHTML 1.0 Transitional//EN"
    "http://www.w3.org/TR/xhtml1/DTD/xhtml1-transitional.dtd">
<html xmlns="http://www.w3.org/1999/xhtml" xml:lang="en" lang="en">
 <head>
  <title>
</title>
<meta http-equiv="Content-Type" content="text/html;charset=utf-8" />
  <meta name='ocr-system' content='tesseract 3.04.00' />
  <meta name='ocr-capabilities' content='ocr_page ocr_carea ocr_par ocr_line ocrx_word'/>
</head>
<body>
  <div class='ocr_page' id='page_1' title='image "./exegeticaoperal06luthgoog_0697.png"; bbox 0 0 2330 4122; ppageno 0'>
   <div class='ocr_carea' id='block_1_1' title="bbox 175 181 994 352">
    <p class='ocr_par' dir='ltr' id='par_1_1' title="bbox 161 181 994 352">
     <span class='ocr_line' id='line_1_1' title="bbox 175 181 994 352; baseline 0.004 -59.95"><span class='ocrx_word' id='word_1_1' title='bbox 175 232 279 294; x_wconf 77' lang='grc'><strong>386</strong></span> <span class='ocrx_word' id='word_1_2' title='bbox 310 181 661 352; x_wconf 73' lang='lat' dir='ltr'><strong>ltosdregeslmnm</strong></span> <span class='ocrx_word' id='word_1_3' title='bbox 681 232 855 312; x_wconf 81' lang='lat' dir='ltr'><strong>quintum</strong></span> <span class='ocrx_word' id='word_1_4' title='bbox 876 243 994 334; x_wconf 77' lang='lat' dir='ltr'><strong>eaput</strong></span> 
     </span>
    </p>
   </div>
   <div class='ocr_carea' id='block_1_2' title="bbox 78 376 1149 2107">
    <p class='ocr_par' dir='ltr' id='par_1_2' title="bbox 175 376 1114 474">
     <span class='ocr_line' id='line_1_2' title="bbox 175 376 1114 474; baseline 0.009 -38"><span class='ocrx_word' id='word_1_5' title='bbox 175 376 250 447; x_wconf 81' lang='lat' dir='ltr'><strong>baec</strong></span> <span class='ocrx_word' id='word_1_6' title='bbox 286 386 420 460; x_wconf 84' lang='lat' dir='ltr'><strong>temporo</strong></span> <span class='ocrx_word' id='word_1_7' title='bbox 448 379 615 456; x_wconf 70' lang='lat' dir='ltr'><strong>(bodonicus</strong></span> <span class='ocrx_word' id='word_1_8' title='bbox 647 381 762 474; x_wconf 74' lang='lat' dir='ltr'><strong>qnidam</strong></span> <span class='ocrx_word' id='word_1_9' title='bbox 793 379 1025 459; x_wconf 85' lang='lat' dir='ltr'><strong>Erpbnrdisnsis</strong></span> <span class='ocrx_word' id='word_1_10' title='bbox 1054 383 1114 444; x_wconf 82' lang='lat' dir='ltr'><strong>mibi</strong></span> 
     </span>
    </p>

    <p class='ocr_par' dir='ltr' id='par_1_3' title="bbox 93 461 1149 1278">
     <span class='ocr_line' id='line_1_3' title="bbox 176 461 1114 568; baseline 0.01 -29"><span class='ocrx_word' id='word_1_11' title='bbox 176 489 264 540; x_wconf 88' lang='lat' dir='ltr'><strong>notus</strong></span> <span class='ocrx_word' id='word_1_12' title='bbox 292 481 363 558; x_wconf 85' lang='lat' dir='ltr'><strong>fuit,</strong></span> <span class='ocrx_word' id='word_1_13' title='bbox 401 488 450 565; x_wconf 88' lang='lat' dir='ltr'><strong>qni</strong></span> <span class='ocrx_word' id='word_1_14' title='bbox 479 490 559 548; x_wconf 86' lang='lat' dir='ltr'><strong>solos</strong></span> <span class='ocrx_word' id='word_1_15' title='bbox 588 487 691 568; x_wconf 76' lang='lat' dir='ltr'><strong>viginti</strong></span> <span class='ocrx_word' id='word_1_16' title='bbox 719 485 776 546; x_wconf 89' lang='lat' dir='ltr'><strong>dno</strong></span> <span class='ocrx_word' id='word_1_17' title='bbox 809 461 958 546; x_wconf 76' lang='lat' dir='ltr'><strong>beneficis</strong></span> <span class='ocrx_word' id='word_1_18' title='bbox 985 487 1114 560; x_wconf 68' lang='lat' dir='ltr'><strong>babebat</strong></span> 
     </span>
     <span class='ocr_line' id='line_1_4' title="bbox 93 566 1114 658; baseline 0.001 -15"><span class='ocrx_word' id='word_1_19' title='bbox 93 566 100 572; x_wconf 53' lang='grc'><strong><em>’</em></strong></span> <span class='ocrx_word' id='word_1_20' title='bbox 176 602 241 643; x_wconf 84' lang='lat' dir='ltr'><strong>enm</strong></span> <span class='ocrx_word' id='word_1_21' title='bbox 269 605 340 646; x_wconf 84' lang='lat' dir='ltr'><strong>vero</strong></span> <span class='ocrx_word' id='word_1_22' title='bbox 369 589 397 648; x_wconf 91' lang='lat' dir='ltr'><strong>in</strong></span> <span class='ocrx_word' id='word_1_23' title='bbox 431 593 571 654; x_wconf 73' lang='lat' dir='ltr'><strong>extremis</strong></span> <span class='ocrx_word' id='word_1_24' title='bbox 586 591 775 658; x_wconf 85' lang='lat' dir='ltr'><strong>&#39;,loboraret</strong></span> <span class='ocrx_word' id='word_1_25' title='bbox 810 595 841 646; x_wconf 95' lang='lat' dir='ltr'><strong>et</strong></span> <span class='ocrx_word' id='word_1_26' title='bbox 869 587 1006 648; x_wconf 83' lang='lat' dir='ltr'><strong>incertus</strong></span> <span class='ocrx_word' id='word_1_27' title='bbox 1035 599 1114 658; x_wconf 82' lang='lat' dir='ltr'><strong>esset,</strong></span> 
     </span>
     <span class='ocr_line' id='line_1_5' title="bbox 176 687 1114 771; baseline 0.006 -27"><span class='ocrx_word' id='word_1_28' title='bbox 176 703 300 762; x_wconf 83' lang='lat' dir='ltr'><strong>quonam</strong></span> <span class='ocrx_word' id='word_1_29' title='bbox 323 677 440 753; x_wconf 67' lang='lat' dir='ltr'><strong>ex‘bae</strong></span> <span class='ocrx_word' id='word_1_30' title='bbox 462 694 522 754; x_wconf 79' lang='lat' dir='ltr'><strong>vite</strong></span> <span class='ocrx_word' id='word_1_31' title='bbox 542 693 598 771; x_wconf 89' lang='lat' dir='ltr'><strong>ipsi</strong></span> <span class='ocrx_word' id='word_1_32' title='bbox 619 689 833 771; x_wconf 75' lang='lat' dir='ltr'><strong>emigrandum</strong></span> <span class='ocrx_word' id='word_1_33' title='bbox 838 687 937 760; x_wconf 85' lang='lat' dir='ltr'><strong>foret,</strong></span> <span class='ocrx_word' id='word_1_34' title='bbox 966 690 1114 752; x_wconf 67' lang='lat' dir='ltr'><strong>miserabili</strong></span> 
     </span>
     <span class='ocr_line' id='line_1_6' title="bbox 108 783 1149 872; baseline 0.01 -30"><span class='ocrx_word' id='word_1_35' title='bbox 108 823 113 842; x_wconf 64' lang='grc' dir='ltr'>ι</span> <span class='ocrx_word' id='word_1_36' title='bbox 176 789 288 866; x_wconf 66' lang='lat' dir='ltr'><strong>gemitu</strong></span> <span class='ocrx_word' id='word_1_37' title='bbox 310 799 342 852; x_wconf 86' lang='lat' dir='ltr'><strong>et</strong></span> <span class='ocrx_word' id='word_1_38' title='bbox 362 794 474 872; x_wconf 75' lang='lat' dir='ltr'><strong>ejulatu</strong></span> <span class='ocrx_word' id='word_1_39' title='bbox 496 798 571 857; x_wconf 86' lang='lat' dir='ltr'><strong>beno</strong></span> <span class='ocrx_word' id='word_1_40' title='bbox 600 815 703 857; x_wconf 84' lang='lat' dir='ltr'><strong>vocem</strong></span> <span class='ocrx_word' id='word_1_41' title='bbox 733 792 829 854; x_wconf 90' lang='lat' dir='ltr'><strong>emisit</strong></span> <span class='ocrx_word' id='word_1_42' title='bbox 847 791 964 869; x_wconf 83' lang='lat' dir='ltr'><strong>plenem</strong></span> <span class='ocrx_word' id='word_1_43' title='bbox 988 790 1114 868; x_wconf 87' lang='lat' dir='ltr'><strong>despera·</strong></span> <span class='ocrx_word' id='word_1_44' title='bbox 1148 783 1149 869; x_wconf 76' lang='lat' dir='ltr'><strong>l</strong></span> 
     </span>
     <span class='ocr_line' id='line_1_7' title="bbox 175 892 1149 975; baseline 0.004 -23"><span class='ocrx_word' id='word_1_45' title='bbox 175 892 282 953; x_wconf 86' lang='lat' dir='ltr'><strong>tionis:</strong></span> <span class='ocrx_word' id='word_1_46' title='bbox 324 896 365 968; x_wconf 85' lang='lat'><strong>0,</strong></span> <span class='ocrx_word' id='word_1_47' title='bbox 393 899 502 958; x_wconf 86' lang='lat' dir='ltr'><strong>ntinem</strong></span> <span class='ocrx_word' id='word_1_48' title='bbox 532 899 653 972; x_wconf 74' lang='lat' dir='ltr'><strong>fuissem</strong></span> <span class='ocrx_word' id='word_1_49' title='bbox 681 900 710 958; x_wconf 93' lang='lat' dir='ltr'><strong>in</strong></span> <span class='ocrx_word' id='word_1_50' title='bbox 738 898 800 958; x_wconf 85' lang='lat' dir='ltr'><strong>vita</strong></span> <span class='ocrx_word' id='word_1_51' title='bbox 822 916 889 958; x_wconf 86' lang='lat' dir='ltr'><strong>mea</strong></span> <span class='ocrx_word' id='word_1_52' title='bbox 909 896 1054 975; x_wconf 88' lang='lat' dir='ltr'><strong>opilionis</strong></span> <span class='ocrx_word' id='word_1_53' title='bbox 1071 909 1114 956; x_wconf 88' lang='lat' dir='ltr'><strong>ant</strong></span> <span class='ocrx_word' id='word_1_54' title='bbox 1148 897 1149 910; x_wconf 59' lang='lat'>¹</span> 
     </span>
     <span class='ocr_line' id='line_1_8' title="bbox 176 997 1113 1080; baseline 0.004 -24"><span class='ocrx_word' id='word_1_55' title='bbox 176 997 289 1058; x_wconf 81' lang='lat' dir='ltr'><strong>subulci</strong></span> <span class='ocrx_word' id='word_1_56' title='bbox 309 999 433 1080; x_wconf 75' lang='lat' dir='ltr'><strong>alicujus</strong></span> <span class='ocrx_word' id='word_1_57' title='bbox 454 1001 590 1063; x_wconf 80' lang='lat' dir='ltr'><strong>famulos.</strong></span> <span class='ocrx_word' id='word_1_58' title='bbox 652 1001 759 1062; x_wconf 78' lang='lat' dir='ltr'><strong>Vivent</strong></span> <span class='ocrx_word' id='word_1_59' title='bbox 787 999 919 1066; x_wconf 71' lang='lat' dir='ltr'><strong>enim-in</strong></span> <span class='ocrx_word' id='word_1_60' title='bbox 951 997 1033 1056; x_wconf 88' lang='lat' dir='ltr'><strong>diern</strong></span> <span class='ocrx_word' id='word_1_61' title='bbox 1059 999 1113 1060; x_wconf 87' lang='lat' dir='ltr'><strong>dnn</strong></span> 
     </span>
     <span class='ocr_line' id='line_1_9' title="bbox 175 1097 1111 1174; baseline 0.004 -18"><span class='ocrx_word' id='word_1_62' title='bbox 175 1097 291 1169; x_wconf 84' lang='lat' dir='ltr'><strong>valent,</strong></span> <span class='ocrx_word' id='word_1_63' title='bbox 321 1101 384 1160; x_wconf 86' lang='lat' dir='ltr'><strong>sine</strong></span> <span class='ocrx_word' id='word_1_64' title='bbox 412 1103 494 1174; x_wconf 88' lang='lat' dir='ltr'><strong>Deo,</strong></span> <span class='ocrx_word' id='word_1_65' title='bbox 523 1106 586 1164; x_wconf 88' lang='lat' dir='ltr'><strong>sine</strong></span> <span class='ocrx_word' id='word_1_66' title='bbox 617 1106 683 1164; x_wconf 84' lang='lat' dir='ltr'><strong>loee</strong></span> <span class='ocrx_word' id='word_1_67' title='bbox 714 1113 745 1162; x_wconf 90' lang='lat' dir='ltr'><strong>et</strong></span> <span class='ocrx_word' id='word_1_68' title='bbox 775 1121 881 1172; x_wconf 83' lang='lat' dir='ltr'><strong>eruce,</strong></span> <span class='ocrx_word' id='word_1_69' title='bbox 913 1101 1017 1161; x_wconf 84' lang='lat' dir='ltr'><strong>etsie</strong></span> <span class='ocrx_word' id='word_1_70' title='bbox 1040 1101 1111 1160; x_wconf 85' lang='lat' dir='ltr'><strong>etiam</strong></span> 
     </span>
     <span class='ocr_line' id='line_1_10' title="bbox 175 1203 721 1278; baseline 0.004 -18"><span class='ocrx_word' id='word_1_71' title='bbox 175 1203 345 1262; x_wconf 86' lang='lat' dir='ltr'><strong>moriuntur.</strong></span> <span class='ocrx_word' id='word_1_72' title='bbox 711 1262 721 1278; x_wconf 64' lang='grc'><strong>,</strong></span> 
     </span>
    </p>

    <p class='ocr_par' dir='ltr' id='par_1_4' title="bbox 78 1299 1117 1996">
     <span class='ocr_line' id='line_1_11' title="bbox 256 1299 1117 1388; baseline -0.005 -24"><span class='ocrx_word' id='word_1_73' title='bbox 256 1305 362 1366; x_wconf 83' lang='lat' dir='ltr'><strong>Dando</strong></span> <span class='ocrx_word' id='word_1_74' title='bbox 393 1308 485 1387; x_wconf 78' lang='lat' dir='ltr'><strong>igitur</strong></span> <span class='ocrx_word' id='word_1_75' title='bbox 518 1299 564 1368; x_wconf 81' lang='lat' dir='ltr'><strong>est</strong></span> <span class='ocrx_word' id='word_1_76' title='bbox 586 1329 691 1388; x_wconf 85' lang='lat' dir='ltr'><strong>opera,</strong></span> <span class='ocrx_word' id='word_1_77' title='bbox 724 1315 756 1366; x_wconf 88' lang='lat' dir='ltr'><strong>ut</strong></span> <span class='ocrx_word' id='word_1_78' title='bbox 777 1307 940 1369; x_wconf 78' lang='lat' dir='ltr'><strong>babeamus</strong></span> <span class='ocrx_word' id='word_1_79' title='bbox 970 1304 1117 1362; x_wconf 85' lang='lat' dir='ltr'><strong>innostro</strong></span> 
     </span>
     <span class='ocr_line' id='line_1_12' title="bbox 78 1395 1116 1492; baseline 0.003 -28"><span class='ocrx_word' id='word_1_80' title='bbox 78 1447 84 1456; x_wconf 80' lang='lat'><em>-</em></span> <span class='ocrx_word' id='word_1_81' title='bbox 175 1405 254 1465; x_wconf 83' lang='lat' dir='ltr'><strong>vitae</strong></span> <span class='ocrx_word' id='word_1_82' title='bbox 278 1425 389 1486; x_wconf 76' lang='lat' dir='ltr'><strong>genere</strong></span> <span class='ocrx_word' id='word_1_83' title='bbox 411 1411 499 1470; x_wconf 87' lang='lat' dir='ltr'><strong>etiarn</strong></span> <span class='ocrx_word' id='word_1_84' title='bbox 520 1413 710 1492; x_wconf 75' lang='lat' dir='ltr'><strong>temporalem</strong></span> <span class='ocrx_word' id='word_1_85' title='bbox 731 1395 968 1489; x_wconf 76' lang='lat' dir='ltr'><strong>promissionem,</strong></span> <span class='ocrx_word' id='word_1_86' title='bbox 994 1422 1054 1481; x_wconf 80' lang='lat' dir='ltr'><strong>que</strong></span> <span class='ocrx_word' id='word_1_87' title='bbox 1074 1424 1116 1464; x_wconf 80' lang='lat' dir='ltr'><strong>ec·</strong></span> 
     </span>
     <span class='ocr_line' id='line_1_13' title="bbox 176 1507 1114 1594; baseline 0.001 -28"><span class='ocrx_word' id='word_1_88' title='bbox 176 1507 312 1585; x_wconf 81' lang='lat' dir='ltr'><strong>quiescet</strong></span> <span class='ocrx_word' id='word_1_89' title='bbox 333 1511 453 1574; x_wconf 77' lang='lat' dir='ltr'><strong>animus.</strong></span> <span class='ocrx_word' id='word_1_90' title='bbox 518 1517 603 1584; x_wconf 81' lang='lat' dir='ltr'><strong>Siout</strong></span> <span class='ocrx_word' id='word_1_91' title='bbox 623 1514 717 1594; x_wconf 86' lang='lat' dir='ltr'><strong>inquit</strong></span> <span class='ocrx_word' id='word_1_92' title='bbox 737 1512 849 1570; x_wconf 85' lang='lat' dir='ltr'><strong>Psnlos</strong></span> <span class='ocrx_word' id='word_1_93' title='bbox 883 1513 909 1569; x_wconf 93' lang='lat' dir='ltr'><strong>l.</strong></span> <span class='ocrx_word' id='word_1_94' title='bbox 932 1509 1014 1586; x_wconf 80' lang='lat' dir='ltr'><strong>Tim.</strong></span> <span class='ocrx_word' id='word_1_95' title='bbox 1035 1511 1063 1580; x_wconf 80' lang='lat'><strong>4,</strong></span> <span class='ocrx_word' id='word_1_96' title='bbox 1082 1509 1114 1565; x_wconf 86' lang='lat'><strong>8:</strong></span> 
     </span>
     <span class='ocr_line' id='line_1_14' title="bbox 175 1609 1115 1698; baseline 0.002 -30"><span class='ocrx_word' id='word_1_97' title='bbox 175 1609 306 1680; x_wconf 72' lang='lat' dir='ltr'><strong>„Pietas</strong></span> <span class='ocrx_word' id='word_1_98' title='bbox 328 1621 426 1674; x_wconf 84' lang='lat' dir='ltr'><strong>autem</strong></span> <span class='ocrx_word' id='word_1_99' title='bbox 454 1617 492 1675; x_wconf 86' lang='lat' dir='ltr'><strong>ed</strong></span> <span class='ocrx_word' id='word_1_100' title='bbox 514 1621 609 1678; x_wconf 80' lang='lat' dir='ltr'><strong>omnia</strong></span> <span class='ocrx_word' id='word_1_101' title='bbox 637 1617 716 1698; x_wconf 84' lang='lat' dir='ltr'><strong>utilis</strong></span> <span class='ocrx_word' id='word_1_102' title='bbox 738 1622 801 1684; x_wconf 86' lang='lat' dir='ltr'><strong>est,</strong></span> <span class='ocrx_word' id='word_1_103' title='bbox 830 1613 1054 1689; x_wconf 72' lang='lat' dir='ltr'><strong>promissionem</strong></span> <span class='ocrx_word' id='word_1_104' title='bbox 1073 1611 1115 1670; x_wconf 89' lang='lat' dir='ltr'><strong>be·</strong></span> 
     </span>
     <span class='ocr_line' id='line_1_15' title="bbox 174 1711 1116 1796; baseline 0.005 -28"><span class='ocrx_word' id='word_1_105' title='bbox 174 1711 247 1770; x_wconf 87' lang='lat' dir='ltr'><strong>bens</strong></span> <span class='ocrx_word' id='word_1_106' title='bbox 269 1712 362 1785; x_wconf 83' lang='lat' dir='ltr'><strong>vitoe,</strong></span> <span class='ocrx_word' id='word_1_107' title='bbox 394 1737 469 1796; x_wconf 86' lang='lat' dir='ltr'><strong>quse</strong></span> <span class='ocrx_word' id='word_1_108' title='bbox 498 1738 574 1782; x_wconf 83' lang='lat' dir='ltr'><strong>nune</strong></span> <span class='ocrx_word' id='word_1_109' title='bbox 603 1729 665 1793; x_wconf 86' lang='lat' dir='ltr'><strong>est,</strong></span> <span class='ocrx_word' id='word_1_110' title='bbox 700 1729 732 1780; x_wconf 91' lang='lat' dir='ltr'><strong>et</strong></span> <span class='ocrx_word' id='word_1_111' title='bbox 763 1713 922 1789; x_wconf 64' lang='grc' dir='ltr'><strong>ΐιιιιιιιιιιςις</strong></span> <span class='ocrx_word' id='word_1_112' title='bbox 960 1715 1039 1774; x_wconf 81' lang='lat' dir='ltr'><strong>sieut</strong></span> <span class='ocrx_word' id='word_1_113' title='bbox 1066 1714 1116 1773; x_wconf 85' lang='lat' dir='ltr'><strong>Pa·</strong></span> 
     </span>
     <span class='ocr_line' id='line_1_16' title="bbox 120 1802 1115 1900; baseline 0.003 -27"><span class='ocrx_word' id='word_1_114' title='bbox 120 1883 124 1890; x_wconf 37' lang='lat'><strong>,</strong></span> <span class='ocrx_word' id='word_1_115' title='bbox 174 1821 238 1875; x_wconf 83' lang='lat' dir='ltr'><strong>tres</strong></span> <span class='ocrx_word' id='word_1_116' title='bbox 268 1802 432 1882; x_wconf 83' lang='lat' dir='ltr'><strong>babuerunt</strong></span> <span class='ocrx_word' id='word_1_117' title='bbox 460 1825 677 1900; x_wconf 75' lang='lat' dir='ltr'><strong>promissionem</strong></span> <span class='ocrx_word' id='word_1_118' title='bbox 706 1819 943 1890; x_wconf 82' lang='lat' dir='ltr'><strong>oeconomicam,</strong></span> <span class='ocrx_word' id='word_1_119' title='bbox 972 1819 1115 1896; x_wconf 84' lang='lat' dir='ltr'><strong>politicam</strong></span> 
     </span>
     <span class='ocr_line' id='line_1_17' title="bbox 176 1919 741 1996; baseline 0.014 -21"><span class='ocrx_word' id='word_1_120' title='bbox 176 1925 206 1977; x_wconf 91' lang='lat' dir='ltr'><strong>et</strong></span> <span class='ocrx_word' id='word_1_121' title='bbox 227 1919 476 1996; x_wconf 74' lang='lat' dir='ltr'><strong>ecclesiasticen,</strong></span> <span class='ocrx_word' id='word_1_122' title='bbox 498 1927 558 1986; x_wconf 86' lang='lat' dir='ltr'><strong>sire</strong></span> <span class='ocrx_word' id='word_1_123' title='bbox 581 1936 741 1990; x_wconf 75' lang='lat' dir='ltr'><strong>oeternum.</strong></span> 
     </span>
    </p>

    <p class='ocr_par' dir='ltr' id='par_1_5' title="bbox 253 2006 1113 2107">
     <span class='ocr_line' id='line_1_18' title="bbox 253 2006 1113 2107; baseline 0.002 -27"><span class='ocrx_word' id='word_1_124' title='bbox 253 2006 326 2082; x_wconf 90' lang='lat' dir='ltr'><strong>ldeo</strong></span> <span class='ocrx_word' id='word_1_125' title='bbox 347 2025 470 2098; x_wconf 47' lang='lat' dir='ltr'><strong>Pharao,</strong></span> <span class='ocrx_word' id='word_1_126' title='bbox 487 2033 543 2088; x_wconf 80' lang='lat' dir='ltr'><strong>nori</strong></span> <span class='ocrx_word' id='word_1_127' title='bbox 566 2029 686 2107; x_wconf 77' lang='lat' dir='ltr'><strong>excepit</strong></span> <span class='ocrx_word' id='word_1_128' title='bbox 707 2026 850 2086; x_wconf 88' lang='lat' dir='ltr'><strong>hominem</strong></span> <span class='ocrx_word' id='word_1_129' title='bbox 882 2025 1048 2103; x_wconf 80' lang='lat' dir='ltr'><strong>privatum,</strong></span> <span class='ocrx_word' id='word_1_130' title='bbox 1074 2043 1113 2082; x_wconf 85' lang='lat' dir='ltr'><strong>oe·</strong></span> 
     </span>
    </p>
   </div>
   <div class='ocr_carea' id='block_1_3' title="bbox 38 2125 1113 2212">
    <p class='ocr_par' dir='ltr' id='par_1_6' title="bbox 38 2125 1113 2212">
     <span class='ocr_line' id='line_1_19' title="bbox 38 2125 1113 2212; baseline 0.003 -31"><span class='ocrx_word' id='word_1_131' title='bbox 38 2187 49 2200; x_wconf 55' lang='grc'><em>,</em></span> <span class='ocrx_word' id='word_1_132' title='bbox 175 2125 355 2184; x_wconf 82' lang='lat' dir='ltr'><strong>eoaornieuin</strong></span> <span class='ocrx_word' id='word_1_133' title='bbox 385 2139 437 2193; x_wconf 86' lang='lat' dir='ltr'><strong>aut</strong></span> <span class='ocrx_word' id='word_1_134' title='bbox 466 2134 627 2212; x_wconf 84' lang='lat' dir='ltr'><strong>politicum,</strong></span> <span class='ocrx_word' id='word_1_135' title='bbox 662 2129 716 2192; x_wconf 87' lang='lat' dir='ltr'><strong>sed</strong></span> <span class='ocrx_word' id='word_1_136' title='bbox 744 2129 834 2207; x_wconf 85' lang='lat' dir='ltr'><strong>ipsom</strong></span> <span class='ocrx_word' id='word_1_137' title='bbox 863 2127 1026 2185; x_wconf 74' lang='lat' dir='ltr'><strong>eeclesiam</strong></span> <span class='ocrx_word' id='word_1_138' title='bbox 1057 2125 1113 2191; x_wconf 83' lang='lat' dir='ltr'><strong>liei,</strong></span> 
     </span>
    </p>
   </div>
   <div class='ocr_carea' id='block_1_4' title="bbox 110 2226 1148 3439">
    <p class='ocr_par' dir='ltr' id='par_1_7' title="bbox 110 2217 1148 3439">
     <span class='ocr_line' id='line_1_20' title="bbox 175 2226 1113 2314; baseline -0.002 -28"><span class='ocrx_word' id='word_1_139' title='bbox 175 2246 260 2307; x_wconf 80' lang='lat' dir='ltr'><strong>quom</strong></span> <span class='ocrx_word' id='word_1_140' title='bbox 281 2226 380 2304; x_wconf 77' lang='lat' dir='ltr'><strong>fovet,</strong></span> <span class='ocrx_word' id='word_1_141' title='bbox 409 2235 477 2306; x_wconf 83' lang='lat' dir='ltr'><strong>elit,</strong></span> <span class='ocrx_word' id='word_1_142' title='bbox 505 2235 646 2314; x_wconf 81' lang='lat' dir='ltr'><strong>defendit.</strong></span> <span class='ocrx_word' id='word_1_143' title='bbox 706 2235 792 2294; x_wconf 81' lang='lat' dir='ltr'><strong>Haeo</strong></span> <span class='ocrx_word' id='word_1_144' title='bbox 821 2229 948 2310; x_wconf 78' lang='lat' dir='ltr'><strong>insignis</strong></span> <span class='ocrx_word' id='word_1_145' title='bbox 972 2228 1071 2308; x_wconf 80' lang='lat' dir='ltr'><strong>gloria</strong></span> <span class='ocrx_word' id='word_1_146' title='bbox 1089 2235 1113 2285; x_wconf 86' lang='lat' dir='ltr'><strong>et</strong></span> 
     </span>
     <span class='ocr_line' id='line_1_21' title="bbox 173 2330 1114 2415; baseline 0 -27"><span class='ocrx_word' id='word_1_147' title='bbox 173 2330 261 2410; x_wconf 77' lang='lat' dir='ltr'><strong>regia</strong></span> <span class='ocrx_word' id='word_1_148' title='bbox 282 2330 412 2410; x_wconf 75' lang='lat' dir='ltr'><strong>dignitas</strong></span> <span class='ocrx_word' id='word_1_149' title='bbox 434 2346 496 2406; x_wconf 83' lang='lat' dir='ltr'><strong>est,</strong></span> <span class='ocrx_word' id='word_1_150' title='bbox 518 2355 576 2415; x_wconf 83' lang='lat' dir='ltr'><strong>qus</strong></span> <span class='ocrx_word' id='word_1_151' title='bbox 597 2337 698 2394; x_wconf 90' lang='lat' dir='ltr'><strong>merito</strong></span> <span class='ocrx_word' id='word_1_152' title='bbox 721 2333 900 2395; x_wconf 80' lang='lat' dir='ltr'><strong>sanctissimi</strong></span> <span class='ocrx_word' id='word_1_153' title='bbox 922 2339 954 2391; x_wconf 86' lang='lat' dir='ltr'><strong>et</strong></span> <span class='ocrx_word' id='word_1_154' title='bbox 976 2330 1114 2409; x_wconf 84' lang='lat' dir='ltr'><strong>pientissi-</strong></span> 
     </span>
     <span class='ocr_line' id='line_1_22' title="bbox 173 2433 1113 2520; baseline 0.001 -28"><span class='ocrx_word' id='word_1_155' title='bbox 173 2433 230 2505; x_wconf 86' lang='lat' dir='ltr'><strong>mi,</strong></span> <span class='ocrx_word' id='word_1_156' title='bbox 256 2453 291 2494; x_wconf 86' lang='lat' dir='ltr'><strong>ae</strong></span> <span class='ocrx_word' id='word_1_157' title='bbox 313 2457 331 2496; x_wconf 92' lang='lat' dir='ltr'><strong>a</strong></span> <span class='ocrx_word' id='word_1_158' title='bbox 351 2436 417 2496; x_wconf 88' lang='lat' dir='ltr'><strong>Ded</strong></span> <span class='ocrx_word' id='word_1_159' title='bbox 440 2439 577 2498; x_wconf 87' lang='lat' dir='ltr'><strong>bonoroti</strong></span> <span class='ocrx_word' id='word_1_160' title='bbox 606 2435 710 2497; x_wconf 85' lang='lat' dir='ltr'><strong>nomed</strong></span> <span class='ocrx_word' id='word_1_161' title='bbox 738 2437 865 2520; x_wconf 88' lang='lat' dir='ltr'><strong>adeptus</strong></span> <span class='ocrx_word' id='word_1_162' title='bbox 891 2445 955 2506; x_wconf 83' lang='lat' dir='ltr'><strong>eet,</strong></span> <span class='ocrx_word' id='word_1_163' title='bbox 984 2435 1113 2495; x_wconf 82' lang='lat' dir='ltr'><strong>diviniter</strong></span> 
     </span>
     <span class='ocr_line' id='line_1_23' title="bbox 110 2537 1148 2612; baseline -0.003 -15"><span class='ocrx_word' id='word_1_164' title='bbox 110 2569 112 2577; x_wconf 93' lang='lat'>·</span> <span class='ocrx_word' id='word_1_165' title='bbox 174 2537 249 2597; x_wconf 91' lang='lat' dir='ltr'><strong>enim</strong></span> <span class='ocrx_word' id='word_1_166' title='bbox 271 2539 443 2608; x_wconf 81' lang='lat' dir='ltr'><strong>od&#39;tantnm</strong></span> <span class='ocrx_word' id='word_1_167' title='bbox 463 2561 579 2600; x_wconf 83' lang='lat' dir='ltr'><strong>munus·</strong></span> <span class='ocrx_word' id='word_1_168' title='bbox 594 2542 745 2602; x_wconf 78' lang='lat' dir='ltr'><strong>eincitotus</strong></span> <span class='ocrx_word' id='word_1_169' title='bbox 766 2550 827 2610; x_wconf 87' lang='lat' dir='ltr'><strong>est,</strong></span> <span class='ocrx_word' id='word_1_170' title='bbox 859 2547 892 2596; x_wconf 92' lang='lat' dir='ltr'><strong>ut</strong></span> <span class='ocrx_word' id='word_1_171' title='bbox 914 2543 1055 2596; x_wconf 76' lang='lat' dir='ltr'><strong>servaret</strong></span> <span class='ocrx_word' id='word_1_172' title='bbox 1076 2557 1113 2594; x_wconf 87' lang='lat' dir='ltr'><strong>ec·</strong></span> <span class='ocrx_word' id='word_1_173' title='bbox 1147 2547 1148 2612; x_wconf 57' lang='grc' dir='ltr'><strong>ξ</strong></span> 
     </span>
     <span class='ocr_line' id='line_1_24' title="bbox 174 2639 1148 2724; baseline -0.003 -24"><span class='ocrx_word' id='word_1_174' title='bbox 174 2641 309 2712; x_wconf 81' lang='lat' dir='ltr'><strong>elesiam,</strong></span> <span class='ocrx_word' id='word_1_175' title='bbox 337 2644 494 2720; x_wconf 80' lang='lat' dir='ltr'><strong>praeberet</strong></span> <span class='ocrx_word' id='word_1_176' title='bbox 524 2643 637 2714; x_wconf 88' lang='lat' dir='ltr'><strong>locum,</strong></span> <span class='ocrx_word' id='word_1_177' title='bbox 666 2652 797 2724; x_wconf 86' lang='lat' dir='ltr'><strong>tempus,</strong></span> <span class='ocrx_word' id='word_1_178' title='bbox 830 2639 1052 2710; x_wconf 70' lang='lat' dir='ltr'><strong>defensionem,</strong></span> <span class='ocrx_word' id='word_1_179' title='bbox 1084 2651 1113 2698; x_wconf 87' lang='lat' dir='ltr'><strong>nt</strong></span> <span class='ocrx_word' id='word_1_180' title='bbox 1147 2643 1148 2712; x_wconf 50' lang='grc' dir='ltr'>ζ</span> 
     </span>
     <span class='ocr_line' id='line_1_25' title="bbox 174 2733 915 2834; baseline -0.001 -32"><span class='ocrx_word' id='word_1_181' title='bbox 174 2742 296 2834; x_wconf 77' lang='lat' dir='ltr'><strong>colligi„</strong></span> <span class='ocrx_word' id='word_1_182' title='bbox 313 2733 497 2822; x_wconf 74' lang='lat' dir='ltr'><strong>multiplicari</strong></span> <span class='ocrx_word' id='word_1_183' title='bbox 518 2754 549 2804; x_wconf 93' lang='lat' dir='ltr'><strong>et</strong></span> <span class='ocrx_word' id='word_1_184' title='bbox 570 2743 722 2807; x_wconf 73' lang='lat' dir='ltr'><strong>aedificari</strong></span> <span class='ocrx_word' id='word_1_185' title='bbox 744 2765 781 2806; x_wconf 89' lang='lat' dir='ltr'><strong>eo</strong></span> <span class='ocrx_word' id='word_1_186' title='bbox 803 2750 915 2822; x_wconf 80' lang='lat' dir='ltr'><strong>posset.</strong></span> 
     </span>
     <span class='ocr_line' id='line_1_26' title="bbox 253 2845 1148 2928; baseline 0 -25"><span class='ocrx_word' id='word_1_187' title='bbox 253 2845 475 2907; x_wconf 78' lang='lat' dir='ltr'><strong>Pulcherrimne</strong></span> <span class='ocrx_word' id='word_1_188' title='bbox 491 2847 584 2928; x_wconf 76' lang='lat' dir='ltr'><strong>igitur</strong></span> <span class='ocrx_word' id='word_1_189' title='bbox 603 2849 650 2910; x_wconf 86' lang='lat' dir='ltr'><strong>bie</strong></span> <span class='ocrx_word' id='word_1_190' title='bbox 670 2850 755 2908; x_wconf 86' lang='lat' dir='ltr'><strong>loeus</strong></span> <span class='ocrx_word' id='word_1_191' title='bbox 776 2856 838 2918; x_wconf 90' lang='lat' dir='ltr'><strong>est,</strong></span> <span class='ocrx_word' id='word_1_192' title='bbox 860 2845 941 2924; x_wconf 88' lang='lat' dir='ltr'><strong>qood</strong></span> <span class='ocrx_word' id='word_1_193' title='bbox 961 2850 1110 2923; x_wconf 76' lang='lat' dir='ltr'><strong>tantopere</strong></span> <span class='ocrx_word' id='word_1_194' title='bbox 1147 2915 1148 2918; x_wconf 7' lang='grc' dir='ltr'><strong>Ἴ</strong></span> 
     </span>
     <span class='ocr_line' id='line_1_27' title="bbox 173 2935 1112 3030; baseline -0.001 -23"><span class='ocrx_word' id='word_1_195' title='bbox 173 2948 340 3010; x_wconf 81' lang='lat' dir='ltr'><strong>delectetur</strong></span> <span class='ocrx_word' id='word_1_196' title='bbox 360 2952 477 3010; x_wconf 80' lang='lat' dir='ltr'><strong>Pharao</strong></span> <span class='ocrx_word' id='word_1_197' title='bbox 505 2935 585 3012; x_wconf 73' lang='lat' dir='ltr'><strong>sesn&#39;a</strong></span> <span class='ocrx_word' id='word_1_198' title='bbox 613 2952 649 3010; x_wconf 84' lang='lat' dir='ltr'><strong>de</strong></span> <span class='ocrx_word' id='word_1_199' title='bbox 669 2958 754 3030; x_wconf 80' lang='lat' dir='ltr'><strong>patre</strong></span> <span class='ocrx_word' id='word_1_200' title='bbox 785 2960 816 3010; x_wconf 91' lang='lat' dir='ltr'><strong>et</strong></span> <span class='ocrx_word' id='word_1_201' title='bbox 836 2948 981 3010; x_wconf 75' lang='lat' dir='ltr'><strong>fratribus</strong></span> <span class='ocrx_word' id='word_1_202' title='bbox 1003 2950 1112 3028; x_wconf 87' lang='lat' dir='ltr'><strong>losepb,</strong></span> 
     </span>
     <span class='ocr_line' id='line_1_28' title="bbox 173 3053 1112 3134; baseline 0 -22"><span class='ocrx_word' id='word_1_203' title='bbox 173 3061 205 3112; x_wconf 88' lang='lat' dir='ltr'><strong>at</strong></span> <span class='ocrx_word' id='word_1_204' title='bbox 234 3071 405 3134; x_wconf 81' lang='lat' dir='ltr'><strong>quamquam</strong></span> <span class='ocrx_word' id='word_1_205' title='bbox 437 3064 539 3115; x_wconf 81' lang='lat' dir='ltr'><strong>essent</strong></span> <span class='ocrx_word' id='word_1_206' title='bbox 560 3055 770 3115; x_wconf 76' lang='lat' dir='ltr'><strong>abominabiles</strong></span> <span class='ocrx_word' id='word_1_207' title='bbox 788 3061 927 3131; x_wconf 72' lang='lat' dir='ltr'><strong>pastores</strong></span> <span class='ocrx_word' id='word_1_208' title='bbox 949 3053 1112 3131; x_wconf 73' lang='lat' dir='ltr'><strong>Aegyptiis,</strong></span> 
     </span>
     <span class='ocr_line' id='line_1_29' title="bbox 171 3147 1113 3236; baseline -0.003 -22"><span class='ocrx_word' id='word_1_209' title='bbox 171 3164 269 3215; x_wconf 84' lang='lat' dir='ltr'><strong>tomen</strong></span> <span class='ocrx_word' id='word_1_210' title='bbox 290 3156 366 3216; x_wconf 86' lang='lat' dir='ltr'><strong>bono</strong></span> <span class='ocrx_word' id='word_1_211' title='bbox 388 3155 525 3236; x_wconf 74' lang='lat' dir='ltr'><strong>semiliam</strong></span> <span class='ocrx_word' id='word_1_212' title='bbox 546 3156 634 3216; x_wconf 89' lang='lat' dir='ltr'><strong>laoob</strong></span> <span class='ocrx_word' id='word_1_213' title='bbox 656 3166 687 3214; x_wconf 86' lang='lat' dir='ltr'><strong>et</strong></span> <span class='ocrx_word' id='word_1_214' title='bbox 707 3156 814 3236; x_wconf 88' lang='lat' dir='ltr'><strong>loseph</strong></span> <span class='ocrx_word' id='word_1_215' title='bbox 833 3153 936 3233; x_wconf 77' lang='lat' dir='ltr'><strong>magni</strong></span> <span class='ocrx_word' id='word_1_216' title='bbox 956 3151 1043 3214; x_wconf 78' lang='lat' dir='ltr'><strong>facit.</strong></span> <span class='ocrx_word' id='word_1_217' title='bbox 1082 3147 1113 3212; x_wconf 87' lang='lat' dir='ltr'><strong>Si</strong></span> 
     </span>
     <span class='ocr_line' id='line_1_30' title="bbox 155 3249 1113 3337; baseline -0.002 -20"><span class='ocrx_word' id='word_1_218' title='bbox 155 3258 247 3318; x_wconf 68' lang='lat' dir='ltr'><strong>»enim</strong></span> <span class='ocrx_word' id='word_1_219' title='bbox 275 3260 366 3337; x_wconf 85' lang='lat' dir='ltr'><strong>patris</strong></span> <span class='ocrx_word' id='word_1_220' title='bbox 394 3259 505 3317; x_wconf 87' lang='lat' dir='ltr'><strong>domum</strong></span> <span class='ocrx_word' id='word_1_221' title='bbox 536 3249 655 3335; x_wconf 83' lang='lat' dir='ltr'><strong>specto,</strong></span> <span class='ocrx_word' id='word_1_222' title='bbox 683 3259 773 3329; x_wconf 83' lang='lat' dir='ltr'><strong>dixit,</strong></span> <span class='ocrx_word' id='word_1_223' title='bbox 799 3257 903 3326; x_wconf 84' lang='lat' dir='ltr'><strong>video,</strong></span> <span class='ocrx_word' id='word_1_224' title='bbox 935 3275 1003 3315; x_wconf 89' lang='lat' dir='ltr'><strong>eam</strong></span> <span class='ocrx_word' id='word_1_225' title='bbox 1031 3257 1113 3318; x_wconf 81' lang='lat' dir='ltr'><strong>enlde</strong></span> 
     </span>
     <span class='ocr_line' id='line_1_31' title="bbox 171 3357 1111 3439; baseline -0.001 -18"><span class='ocrx_word' id='word_1_226' title='bbox 171 3361 352 3439; x_wconf 77' lang='lat' dir='ltr'><strong>speciosam,</strong></span> <span class='ocrx_word' id='word_1_227' title='bbox 380 3371 411 3422; x_wconf 90' lang='lat' dir='ltr'><strong>et</strong></span> <span class='ocrx_word' id='word_1_228' title='bbox 438 3362 591 3438; x_wconf 67' lang='lat' dir='ltr'><strong>praeclare</strong></span> <span class='ocrx_word' id='word_1_229' title='bbox 622 3369 754 3420; x_wconf 83' lang='lat' dir='ltr'><strong>orontem</strong></span> <span class='ocrx_word' id='word_1_230' title='bbox 783 3380 850 3420; x_wconf 88' lang='lat' dir='ltr'><strong>esse</strong></span> <span class='ocrx_word' id='word_1_231' title='bbox 879 3380 899 3419; x_wconf 88' lang='lat' dir='ltr'><strong>a</strong></span> <span class='ocrx_word' id='word_1_232' title='bbox 918 3360 999 3422; x_wconf 87' lang='lat' dir='ltr'><strong>Deo.</strong></span> <span class='ocrx_word' id='word_1_233' title='bbox 1057 3357 1111 3422; x_wconf 71' lang='grc' dir='ltr'>’Τιι</span> 
     </span>
    </p>
   </div>
   <div class='ocr_carea' id='block_1_5' title="bbox 44 3441 1112 3549">
    <p class='ocr_par' dir='ltr' id='par_1_8' title="bbox 44 3441 1112 3549">
     <span class='ocr_line' id='line_1_32' title="bbox 44 3441 1112 3549; baseline 0.003 -26"><span class='ocrx_word' id='word_1_234' title='bbox 44 3539 47 3549; x_wconf 21' lang='grc'><strong><em>1</em></strong></span> <span class='ocrx_word' id='word_1_235' title='bbox 103 3441 114 3458; x_wconf 29' lang='lat' dir='ltr'><strong>l</strong></span> <span class='ocrx_word' id='word_1_236' title='bbox 170 3481 241 3523; x_wconf 83' lang='lat' dir='ltr'><strong>vero</strong></span> <span class='ocrx_word' id='word_1_237' title='bbox 263 3462 368 3540; x_wconf 83' lang='lat' dir='ltr'><strong>losepb</strong></span> <span class='ocrx_word' id='word_1_238' title='bbox 391 3464 493 3541; x_wconf 88' lang='lat' dir='ltr'><strong>plenus</strong></span> <span class='ocrx_word' id='word_1_239' title='bbox 515 3485 548 3524; x_wconf 84' lang='lat' dir='ltr'><strong>es</strong></span> <span class='ocrx_word' id='word_1_240' title='bbox 571 3465 695 3543; x_wconf 88' lang='lat' dir='ltr'><strong>Spiritu</strong></span> <span class='ocrx_word' id='word_1_241' title='bbox 701 3473 822 3540; x_wconf 87' lang='lat' dir='ltr'><strong>saneto,</strong></span> <span class='ocrx_word' id='word_1_242' title='bbox 854 3466 979 3532; x_wconf 82' lang='lat' dir='ltr'><strong>excellis</strong></span> <span class='ocrx_word' id='word_1_243' title='bbox 1001 3468 1112 3546; x_wconf 85' lang='lat' dir='ltr'><strong>sapien-</strong></span> 
     </span>
    </p>
   </div>
   <div class='ocr_carea' id='block_1_6' title="bbox 167 3563 1111 3772">
    <p class='ocr_par' dir='ltr' id='par_1_9' title="bbox 167 3563 1111 3750">
     <span class='ocr_line' id='line_1_33' title="bbox 169 3563 1111 3649; baseline 0.004 -25"><span class='ocrx_word' id='word_1_244' title='bbox 169 3563 227 3633; x_wconf 90' lang='lat' dir='ltr'><strong>tia,</strong></span> <span class='ocrx_word' id='word_1_245' title='bbox 265 3563 377 3641; x_wconf 90' lang='lat' dir='ltr'><strong>pietate</strong></span> <span class='ocrx_word' id='word_1_246' title='bbox 415 3575 462 3626; x_wconf 89' lang='lat' dir='ltr'><strong>et</strong></span> <span class='ocrx_word' id='word_1_247' title='bbox 476 3567 598 3626; x_wconf 84' lang='lat' dir='ltr'><strong>oonsilio</strong></span> <span class='ocrx_word' id='word_1_248' title='bbox 633 3581 732 3628; x_wconf 84' lang='lat' dir='ltr'><strong>omnes</strong></span> <span class='ocrx_word' id='word_1_249' title='bbox 760 3585 900 3644; x_wconf 82' lang='lat' dir='ltr'><strong>proceres</strong></span> <span class='ocrx_word' id='word_1_250' title='bbox 925 3568 1033 3648; x_wconf 77' lang='lat' dir='ltr'><strong>regni,</strong></span> <span class='ocrx_word' id='word_1_251' title='bbox 1065 3571 1111 3649; x_wconf 82' lang='lat' dir='ltr'><strong>qni</strong></span> 
     </span>
     <span class='ocr_line' id='line_1_34' title="bbox 167 3664 1108 3772; baseline 0.009 -46"><span class='ocrx_word' id='word_1_252' title='bbox 167 3664 283 3743; x_wconf 84' lang='lat' dir='ltr'><strong>quidem</strong></span> <span class='ocrx_word' id='word_1_253' title='bbox 304 3665 489 3730; x_wconf 80' lang='lat' dir='ltr'><strong>detestentur</strong></span> <span class='ocrx_word' id='word_1_254' title='bbox 508 3675 660 3748; x_wconf 85' lang='lat' dir='ltr'><strong>posterea,</strong></span> <span class='ocrx_word' id='word_1_255' title='bbox 694 3687 790 3772; x_wconf 81' lang='lat' dir='ltr'><strong>neque</strong></span> <span class='ocrx_word' id='word_1_256' title='bbox 811 3687 871 3750; x_wconf 76' lang='lat' dir='ltr'><strong>ego</strong></span> <span class='ocrx_word' id='word_1_257' title='bbox 897 3669 953 3730; x_wconf 87' lang='lat' dir='ltr'><strong>boe</strong></span> <span class='ocrx_word' id='word_1_258' title='bbox 975 3681 1108 3736; x_wconf 79' lang='lat' dir='ltr'><strong>sanetus</strong></span> 
     </span>
    </p>
   </div>
   <div class='ocr_carea' id='block_1_7' title="bbox 0 0 1170 4122">
    <p class='ocr_par' dir='ltr' id='par_1_10' title="bbox 0 0 1170 4122">
     <span class='ocr_line' id='line_1_35' title="bbox 0 0 1170 4122; baseline 0 1"><span class='ocrx_word' id='word_1_259' title='bbox 0 0 1170 4122; x_wconf 95' lang='lat' dir='ltr'><strong> </strong></span> 
     </span>
    </p>
   </div>
  </div>
 </body>
</html>
