2340 4120
444 236 612 332 genesis
740 213 770 298 ἰ’
850 239 1016 328 ’,5101Ι

69 413 101 452 oe
120 381 175 453 sint
202 356 288 458 nobis
316 407 410 458 causa
429 395 534 456 mortis
563 386 616 456 out
641 395 740 456 luctus
761 357 934 473 perpetui,
953 385 1002 468 ιιιιί

67 495 170 555 tristior
189 505 238 556 est
260 509 364 560 morte

134 597 188 656 Sic
218 600 293 659 enlm
330 597 383 659 filli
414 596 511 662 iacob
534 595 700 656 babuerunt
731 547 1005 672 praestantissimos

67 697 196 758 doctores
223 701 382 760 Ecclesiae
417 707 448 759 et
472 699 655 776 Prophetas,
698 715 715 756 c
746 697 849 775 quibus
870 691 1035 774 quotidie

67 799 230 860 audiverunt
250 803 370 863 verboru
390 800 463 872 Dei,
482 801 716 880 promissionem,
735 802 834 879 legem
855 802 930 868 etc.;
955 792 1000 887 pi·

67 902 159 960 derunt
179 903 311 982 optimos
335 894 431 963 mores
462 912 494 962 et
523 905 657 982 exempla
685 899 850 962 honestatis
870 889 1020 977 plurinum*
1088 943 1091 951 ι

66 985 150 1062 tomen
172 1007 280 1066 aranei
310 1005 351 1064 illi
372 1025 412 1064 ex
435 1005 634 1083 pulcherrimis
656 1003 786 1064 flosculis
812 1011 843 1061 et
863 998 939 1082 rosis
960 995 1000 1056 ni·
1037 1009 1039 1023 ’

66 1107 96 1163 lit
114 1105 191 1164 aliud
221 1117 384 1180 suxerunt,
411 1128 497 1187 quam
523 1127 673 1170 venenum.
720 1107 762 1168 nt
791 1125 862 1166 vero
891 1102 916 1163 si
943 1119 1000 1162 nec

65 1208 185 1280 monitis,
208 1229 266 1270 nec
288 1212 430 1290 exemplis
447 1211 612 1282 emendari,
638 1217 670 1269 et
691 1211 728 1269 ab
746 1209 863 1304 immuni
883 1205 999 1268 scelere

65 1312 197 1371 deterreri
234 1335 270 1375 se
304 1315 384 1395 passi
413 1325 530 1387 essent,
560 1322 657 1374 tomen
685 1312 793 1390 optimo
821 1309 936 1391 purenti
962 1317 1000 1378 et
1043 1309 1050 1319 '

65 1397 240 1474 sanctissimo
264 1437 320 1476 avo
348 1400 517 1480 debuissent
537 1434 670 1496 parcere.
713 1414 775 1474 S'ed
794 1414 877 1474 Deus
906 1409 999 1472 seculi
1086 1459 1090 1464 .

67 1517 234 1588 excoecavit
256 1537 319 1589 eos,
339 1527 374 1586 ut
394 1539 450 1578 nec
471 1517 572 1579 audire
592 1537 648 1576 neo
667 1515 768 1576 videre
789 1515 912 1595 possint.

132 1607 263 1685 Accedit
281 1621 338 1680 buc
358 1622 559 1703 gravissimum
575 1620 754 1710 sceudalum,⁸
774 1624 868 1679 ortum
890 1637 930 1676 ex
941 1617 1000 1690 boc

66 1719 167 1802 flagitio
190 1722 273 1802 apud
289 1722 405 1800 ¹vicinos
426 1713 599 1795 ismaelitis,
619 1721 787 1785 blidienitas
808 1732 839 1786 et
860 1723 999 1803 reliquos,

66 1825 96 1884 ud
120 1845 194 1904 qnos
225 1845 352 1886 neccsse
381 1825 439 1894 fuit
467 1825 573 1886 demam
601 1825 676 1886 banc
696 1822 879 1904 permanare.
919 1823 1000 1918 'liliis

67 1928 129 1984 enlm
148 1929 288 1990 venditur
308 1931 414 2008 loseph
434 1951 453 1990 ιι
473 1927 630 2002 fiatdbus,
655 1930 724 1991 ideo
745 1930 824 1992 bend
844 1927 929 1989 dubie
950 1948 998 1987 co·
1057 1966 1096 1984 ,ι
1148 1919 1151 1930 '

67 2032 199 2111 gitorunt:
245 2033 329 2092 Ecce
348 2031 398 2090 isti
418 2031 485 2091 s'unt
506 2029 557 2091 filii
576 2031 805 2106 benedictionis,
832 2053 887 2093 nos
908 2031 999 2111 ejecti
1064 2053 1066 2062 ι

67 2147 152 2191 snmus
172 2135 367 2196 ex‘ecclesia
386 2133 531 2207 Abrahae,
561 2142 701 2214 tunquam
721 2136 838 2216 reprobi
858 2145 889 2196 et
910 2133 998 2196 alieni
1024 2207 1027 2216 Δ

69 2235 286 2314 rpromissiooe
308 2245 340 2296 et
367 2237 513 2311 ecclesias
547 2239 577 2299 bi
609 2239 724 2300 scilicet
753 2223 828 2300 sunt'
851 2233 997 2300 haeredes
1055 2215 1062 2230 ι
1103 2297 1105 2305 ,

68 2340 112 2413 illi,
131 2337 317 2420 quitantom
336 2341 434 2402 scelus
454 2349 669 2421 perpetrarunt.
693 2371 700 2381 ¹
950 2343 953 2350 ’

134 2446 222 2506 llocc
249 2463 323 2518 sene
351 2444 525 2525 gravissima
552 2445 678 2508 offensio
712 2445 769 2508 fuit
803 2445 832 2508 in
860 2441 996 2504 cordibus
1067 2515 1075 2522 .

70 2568 169 2620 eornm,
199 2549 279 2608 uode
309 2565 368 2610 non
401 2546 479 2608 aliud
507 2552 733 2622 concluserunt,
767 2551 853 2630 queri
880 2546 997 2606 inanem

71 2652 356 2736 essquloriationem
387 2650 423 2710 de
449 2652 654 2742 benedictione
681 2665 712 2714 et
742 2675 775 2715 se
802 2651 914 2732 potius.
931 2669 997 2711 curn

70 2753 236 2817 edisseram
259 2753 414 2816 ecclesium
446 2777 531 2829 esse,
558 2757 587 2818 in
619 2776 677 2837 que
705 2746 780 2816 non'
795 2761 916 2816 exstent
934 2759 1004 2835 tarn

24 2866 27 2874 “
72 2867 135 2916 tetra
153 2842 290 2935 exempla
319 2858 549 2936 turpissimorum
571 2865 724 2929 scelerum.
773 2859 822 2922 Ex
850 2855 997 2916 fructibus

71 2961 130 3017 enin
150 2961 327 3040 agnoscitur
346 2961 444 3022 arbor.
495 2966 610 3045 usquc:
626 2983 697 3027 vero
717 2961 820 3044 levius
832 2958 941 3038 iuerat
953 2945 1017 3027 οἱ(

72 3063 229 3124 tendiculum
260 3085 300 3127 ex
320 3075 422 3144 stupro
444 3067 539 3128 Dirae
560 3075 665 3132 ortum.
725 3067 773 3126 Ea
798 3061 891 3142 igitur
917 3059 996 3121 baud

73 3165 139 3224 dubie
160 3166 257 3248 magis
278 3165 450 3227 afflixerunt
473 3170 574 3242 locob,
597 3162 682 3249 quom
703 3166 809 3227 malurn
829 3163 922 3242 ipsum
942 3181 995 3244 psr
1088 3217 1090 3222 .

74 3289 104 3326 se.
138 3269 386 3335 Quemadmodum
414 3263 501 3330 bodie
521 3272 616 3352 magia
637 3271 761 3342 urimur,
788 3267 893 3354 magis
913 3269 995 3348 luge·

73 3385 121 3428 nus
138 3369 306 3431 scandolo
299 3391 327 3430 ro
339 3371 460 3434 nostris
480 3373 625 3436 Ecclesiis
646 3374 796 3444 excitata,
825 3391 910 3452 quarn
939 3371 995 3435 Pa·

54 3473 192 3566 ‚pistorum
214 3482 245 3532 et
266 3473 474 3566 Tyrannorum
494 3473 759 3554 persecutionem]
797 3475 917 3552 Neque
920 3473 996 3536 onim
1021 3475 1024 3484 ’

74 3587 165 3636 tuntum
186 3585 295 3636 nocent
316 3561 472 3638 Ecclesiae
492 3575 659 3648 Pontificii,
688 3583 826 3655 quendum
848 3575 917 3638 falsi
937 3563 996 3638 iro·
1025 3600 1027 3604 ·

76 3689 138 3752 tres,
152 3681 205 3758 qui
227 3679 350 3764 eundem
371 3677 472 3752 fidem,
502 3679 680 3766 doctrinam,
710 3697 807 3759 apem,
835 3673 1045 3740 invocatio
