2332 4120
128 203 131 224 ¹
169 201 228 267 1³4
283 179 860 296 quadragesimosecundo·
881 210 1006 305 esunt

167 355 228 408 tum
248 363 306 425 pen
323 366 394 422 nos,
416 350 469 410 red
490 369 544 431 per
564 334 652 409 illlum
674 341 754 416 Ilei‚'
770 346 824 406 sed
843 349 902 408 bon
921 345 1055 414 ἰιιιίιιιι,
1075 342 1128 401 nbi

166 453 308 514 remisero
330 455 382 515 tibi
403 443 572 534 pe'eoatum,
600 449 709 511 faniam
736 460 779 509 te*
795 451 952 510 haeredem
975 443 1012 508 at
1034 443 1128 506 lilium

167 557 254 637 regui
283 555 355 628 Del,
385 551 419 616 rit
447 575 540 617 meum
570 571 647 633 erga
674 559 706 610 te
734 565 863 610 amorem
890 547 1061 617 declarem,
1084 544 1129 604 its

43 657 48 668 ’
134 719 137 728 t
169 665 267 718 tamen
288 667 321 718 ut
342 657 421 736 prius
442 657 538 716 aluam
559 650 663 736 sordes
684 657 767 726 tuas,
796 653 844 712 inb
873 646 949 710 muln
978 647 1052 707 rlielr
1074 666 1127 707 sor

55 785 58 790 ¹
169 753 303 816 wireben
320 757 380 816 nnrl
401 752 555 818 warcban.
581 749 660 811 siem
686 760 782 824 mater
808 750 950 812 infantem
981 765 1045 804 nnn
1067 744 1125 806 eol·

169 852 251 912 locat
278 853 306 909 in
337 871 444 920 nunus,
473 849 529 910 nisi
557 847 648 932 prius¹
668 847 761 906 lotum
789 857 822 908 et
849 847 1039 920 mundatum,
1069 867 1125 909 ner

170 963 304 1015 moretur
325 952 438 1031 ejulatu
460 960 491 1010 et
512 947 599 1021 fletu,
622 969 679 1030 quo
701 949 793 1011 minus
815 969 879 1010 enm
900 957 1024 1031 purget.

217 1047 227 1064 “
252 1055 302 1114 Sie
333 1073 387 1112 uos
414 1053 514 1114 ruenti
542 1071 641 1113 sumus
669 1053 708 1114 ad
734 1069 858 1128 regnum
878 1052 950 1123 llai,
980 1051 1125 1114 babemus

170 1157 369 1219 remissionem
391 1151 595 1233 peecatorum,
625 1177 725 1217 sumus
753 1153 805 1214 lilii
834 1163 866 1216 et
885 1153 1039 1215 haeredes
1061 1153 1123 1224 Dei,

171 1259 226 1323 sed
246 1258 350 1317 haeret
371 1247 473 1317 ndlruo'
487 1255 515 1316 in
537 1241 624 1319 nobis
649 1258 775 1340 ignavia
798 1265 997 1320 et·reternua
1021 1276 1122 1335 eumn·

98 1378 102 1386 ·
171 1361 213 1423 ris
235 1368 266 1420 et
287 1359 389 1428 animi
423 1379 507 1437 qnam
534 1362 610 1421 luem
641 1363 758 1445 rogitat
778 1361 862 1424 [lens
881 1360 990 1421 tollere
1012 1357 1044 1418 iu
1067 1358 1122 1418 uni·

171 1483 260 1527 versu
282 1461 341 1523 vita
363 1471 474 1522 nostru.

253 1565 339 1624 llnee
361 1585 431 1624 sero
453 1566 588 1626 doctrina
596 1565 676 1636 olim
698 1566 750 1627 snb
767 1568 884 1646 Papatn
906 1563 996 1650 plane
1009 1562 1123 1644 ignota

173 1667 232 1731 fnit
253 1672 400 1750 Sophistis
422 1679 467 1730 et
475 1689 573 1730 eorum
595 1669 791 1741 auditoribus,
813 1675 844 1729 et
866 1687 931 1740 eum
952 1667 1041 1728 initio
1064 1689 1121 1746 pro·

173 1772 368 1854 positionibus
396 1771 483 1834 aditis
513 1772 648 1845 ducerem
678 1781 771 1832 tntum
793 1767 880 1832 vitam
902 1761 1035 1830 libellum
1060 1781 1162 1832 essel

175 1874 392 1954 poenitentiam,
415 1891 508 1953 poene
529 1871 556 1939 in
579 1873 687 1932 rabiem
709 1876 768 1935 anti
790 1882 858 1935 sunt
878 1873 1036 1953 Papista’a,
1058 1872 1121 1951 quia

176 1977 340 2055 docueruut
360 1976 431 2054 ipsi,
460 1982 614 2052 paccatum
647 1976 792 2059 originale
822 1996 889 2038 esse
916 1973 1073 2036 remissum
1095 1987 1121 2032 et

175 2081 308 2150 ablatum,
325 2081 353 2142 iu
377 2078 520 2156 baptismo
550 2085 582 2136 et
609 2078 680 2138 nibil
698 2083 838 2160 reliquum
860 2099 949 2150 esse„
966 2077 1023 2138 nisi
1045 2076 1120 2137 foni-

63 2242 69 2260 ,
176 2195 245 2257 ten,
266 2183 294 2244 id
316 2191 372 2255 est,
393 2179 556 2241 naturalem
579 2180 721 2257 quandam
736 2180 942 2255 infirmitatem,
963 2182 1035 2242 ideo
1057 2182 1119 2242 nibil
1160 2217 1161 2262 l

177 2278 353 2370 rogitabant
381 2305 436 2346 nee
465 2282 613 2346 donabunt
634 2283 670 2343 de
692 2287 888 2367 expurgando
909 2295 1056 2366 peceato,
1077 2307 1120 2346 ne·

176 2391 269 2453 tualia
290 2397 376 2458 aero,
399 2395 432 2446 nt
452 2383 548 2457 furta,
570 2386 769 2447 scortationes
798 2396 830 2448 at
858 2391 960 2452 similia
977 2389 1120 2470 jubebunt

163 2489 300 2573 'expiere
322 2489 458 2570 operibus
479 2489 563 2548 bouis
584 2497 616 2549 at
635 2488 897 2564 satisfactionibus,
918 2494 1039 2574 vigiliis,
1061 2515 1120 2554 orn·

176 2595 326 2672 tionibus,
341 2595 418 2656 notia
440 2593 609 2686 monasticis
631 2600 690 2653 eto.
720 2592 820 2653 llaec
841 2593 899 2656 fnit
918 2596 1035 2656 illorum
1057 2597 1118 2658 tlon·

176 2697 255 2759 trina
276 2693 529 2774 inpoenitentia,
555 2713 607 2772 nro
636 2693 769 2773 pennatis
790 2695 1031 2760 satisfaciendum
1056 2721 1118 2760 esse

166 2787 287 2862 'nostris
308 2787 417 2860 meritis
448 2806 478 2857 et
505 2797 674 2869 virtutibus,
706 2816 770 2857 oum
796 2807 893 2859 tamen
914 2801 1008 2884 longe
1028 2803 1119 2883 major

68 2923 72 2932 ¹
177 2902 309 2981 expiatio
332 2910 362 2961 et
383 2897 551 2961 satiafnotio
572 2899 752 2978 requiratur,
781 2903 920 2965 videlicet
944 2906 1026 2969 filius
1054 2909 1114 2970 Dei.
1159 2925 1160 2930 ¹

175 3003 320 3068 Verum
312 3003 368 3084 rusi
396 3021 460 3062 num
488 3001 637 3062 nescirent
667 3005 735 3084 quid
763 3017 845 3068 assat
871 3019 1044 3088 pennatum,
1069 3031 1113 3071 ex·
1159 2963 1160 3030 l

176 3113 374 3172 tsnunnerunt
392 3103 423 3162 iu
444 3113 475 3165 et
495 3106 721 3168 imbecillitatem
735 3112 876 3191 quandam
891 3115 953 3178 sire
970 3110 1112 3176 deiectum

177 3219 211 3273 at
236 3211 410 3302 languorem
440 3217 565 3269 naturae
594 3229 662 3268 esse
689 3212 883 3287 somniarunt,
914 3215 951 3276 de
973 3237 1112 3318 expurga·

176 3307 259 3375 lions
278 3331 391 3394 parum
387 3312 526 3373 solliciti.
568 3313 614 3372 lta
641 3314 795 3378 miserabili
815 3317 944 3400 ealigine
966 3330 999 3402 et
1019 3323 1111 3401 deors·

117 3409 148 3508 '¹
177 3415 298 3477 vatione
326 3433 419 3476 sanae
452 3413 602 3474 doetrinae
637 3415 767 3482 horninur
795 3420 972 3484 horribiliter
1004 3425 1112 3501 reducti

177 3513 312 3589 inerunt,
343 3515 444 3596 paucis
473 3519 614 3588 servetis,
644 3521 747 3600 quibus
776 3523 827 3586 lux
847 3525 898 3587 illa
918 3525 1055 3590 divinitus
1073 3527 1110 3588 af·

178 3615 277 3692 fulsit,
297 3617 362 3680 sola
383 3615 441 3679 fida
459 3616 618 3700 justificari
638 3619 789 3686 bominem.
