2264 4128
378 249 552 329 genesis.
755 321 757 326 ,
879 255 942 322 339
1011 289 1083 329 ,λι

1 400 150 458 euentum
172 392 305 456 itntr'um.
355 396 421 486 idun
452 398 531 471 vuit,
564 417 617 462 eos
637 397 762 462 infames
783 393 870 472 tisri„
887 402 941 464 sed
1020 394 1022 406 '

2 517 135 556 onorem
156 503 188 561 et
208 497 457 561 existimationem
485 519 585 561 eorum
614 502 755 563 iiiibetam
775 510 807 562 et
827 481 939 588 sairam

5 600 75 680 upit
101 600 179 679 apud
203 598 388 680 Aegyptios,
417 619 455 662 ne
483 603 672 675 damnentur,
703 613 758 665 aut
783 604 859 665 maie
889 625 938 665 au·

1 705 89 776 iant,
110 709 248 783 tanquam
269 701 440 765 fratricidae
462 712 493 764 et
514 706 692 785 parricidae.
721 706 858 788 rinsigne
884 707 937 788 igi·

1 827 41 868 ιιι·
63 808 228 887 exemplum
248 814 407 871 estserae
428 807 563 870 eusimio
581 815 613 870 et
633 808 937 890 remissionisxpeeae·
1065 817 1068 822 ’

1 929 98 994 orum.

73 1055 138 1117 Non
160 1060 262 1136 potest
283 1053 357 1115 satis
378 1051 458 1115 ciere
480 1053 698 1127 demonstrare,
728 1075 761 1116 se
789 1075 857 1116 esse
877 1053 936 1117 fru-
1011 1111 1015 1118 ,

1 1177 84 1230 rem,
111 1157 168 1217 uisi
193 1156 278 1218 fecte
306 1157 453 1217 mentione
482 1157 582 1226 delicti
608 1158 754 1237 ipsorum
786 1158 936 1220 mitissime

1 1265 85 1343 gitur
105 1269 136 1322 et
157 1259 352 1339 placidissime
371 1261 509 1342 loquitur.
549 1264 614 1322 Nou
636 1271 817 1348 ‘ex-aggernt
838 1263 936 1322 scelus

5 1387 43 1426 ro
68 1363 231 1444 dignitate,
252 1383 309 1424 non
333 1363 417 1422 dicit:
448 1363 519 1442 Ego
541 1369 604 1422 su'm
624 1363 665 1432 is,
693 1381 778 1441 quem
799 1383 852 1423 vos
873 1385 935 1425 see·
1034 1419 1039 1427 .

1 1466 168 1529 eratissime
188 1465 217 1525 in
239 1467 398 1526 cisternam
424 1464 558 1537 misistis,
588 1465 673 1545 eujus
700 1466 780 1527 vitae
807 1448 937 1527 instttatt

5 1572 81 1640 stis,
103 1569 151 1649 qui
171 1577 285 1648 petrem
306 1576 366 1628 tam
387 1568 496 1628 acerbo
517 1567 598 1628 luctu
629 1567 788 1643 effecistis,
815 1571 869 1631 sed
896 1573 936 1631 ia·
986 1578 989 1588 ’
1019 1577 1025 1586 “

5 1673 110 1736 issime
132 1663 216 1732 dicit:
239 1673 334 1740 Quem
355 1670 539 1742 vendidistis,
560 1671 675 1730 omissis
696 1671 836 1744 omnibus,
851 1693 935 1757 ἱιιιιιιιι
951 1655 968 1702 '¹
1031 1689 1036 1704 ¹

7 1777 159 1838 nriuseuia
179 1776 369 1850 videbantur3
398 1774 483 1856 quasi
503 1775 598 1837 dicet:
632 1775 693 1836 Vos
714 1776 797 1837 scitis
818 1797 936 1856 quomo·
1040 1812 1042 1820 »

5 1904 25 1942 o
48 1882 108 1941 huo
128 1879 319 1960 pervenerint.
367 1878 432 1940 Noa
452 1897 518 1938 mee
538 1885 645 1956 sponte
666 1887 796 1939 vestrum
817 1886 935 1938 consor'·

1 1987 62 2046 ium
94 1992 126 2043 et
155 1994 268 2064 patrem
301 1981 422 2062 reliqui,
459 1981 513 2041 sed
542 1988 644 2041 vestro
676 1981 844 2043 venditione
878 1983 936 2045 hue

2 2087 155 2151 reueletur
176 2107 248 2148 suns.
288 2085 321 2145 id
343 2105 415 2146 sune
432 2088 599 2147 noeentum
622 2095 677 2157 est,
697 2083 848 2144 remittere
870 2105 935 2162 pee-

6 2198 107 2261 otum,
128 2187 182 2250 sed
203 2197 235 2249 et
255 2189 452 2250 cohonestare
481 2199 513 2250 et
543 2191 726 2251 abscondere
746 2185 935 2268 ignominium

6 2305 20 2354 t
43 2290 251 2370 turpitudinem
271 2291 408 2366 fratrum,
434 2300 471 2354 et
499 2313 609 2356 summo
631 2293 728 2366 studio
750 2313 786 2356 ao
808 2293 936 2356 caritate
1017 2319 1020 2330 ι

4 2391 180 2461 eneiaeere.

71 2544 162 2606 Talis
183 2550 235 2606 ,ast
263 2541 390 2622 Spiritus
420 2552 543 2606 senetur
570 2545 599 2604 in
625 2545 780 2616 Patribus,
801 2545 849 2625 qui
870 2567 935 2626 por·

4 2653 60 2708 nat
81 2646 278 2718 dissimulare,
307 2647 467 2730 ignoscere
494 2653 526 2706 at
546 2646 691 2724 praebere
711 2665 745 2708 se
766 2649 935 2726 operculum

5 2748 143 2812 ratribus.¹
190 2749 369 2811 Necessarie
398 2757 463 2810 erat
491 2749 600 2810 mentio
621 2749 794 2812 venditionis
815 2761 936 2831 propter
1034 2801 1038 2814 .

5 2851 268 2924 roniiestntiouem‚
288 2873 325 2914 ne
346 2859 484 2933 putarent
503 2852 579 2912 haee
600 2852 697 2916 omnis
717 2856 853 2918 simulari.
895 2857 937 2918 Ut
987 2849 1036 2920 “,’

5 2959 84 3040 gitur
112 2955 256 3018 haberent
284 2966 396 3018 eertum
424 2954 608 3036 sigiliumet
636 2967 841 3036 argumentum
865 2958 934 3021 irre·
995 2975 1001 2990 ⁸

6 3058 158 3142 ragsbile,
187 3060 262 3120 eiam
289 3060 345 3120 hoo
374 3058 456 3120 addit
485 3059 603 3138 reliquis
624 3060 736 3132 verbis,
757 3063 834 3140 quod
855 3083 933 3142 pror·

6 3186 41 3226 ns
64 3163 208 3241 sepultum
231 3171 263 3222 et
282 3161 439 3245 Aegyptiis
458 3161 592 3242 ignotum
613 3181 681 3222 esse
703 3163 780 3234 vuit,
803 3163 872 3226 ideo
889 3165 934 3244 jo

6 3277 42 3332 et
65 3285 118 3326 eos
139 3267 293 3338 aoeedere,
315 3286 380 3327 aum
401 3273 491 3326 antes
512 3264 720 3326 discessissent
736 3267 864 3346 longius,
885 3289 933 3330 aa
965 3273 969 3294 ¹

7 3393 47 3434 ue
80 3370 145 3430 ausi
174 3377 275 3430 essent
300 3369 339 3458 ad
365 3369 459 3448 ipsun
479 3367 722 3450 appmpiaqueres
761 3367 849 3431 lisso
868 3390 932 3450 pro·

7 3485 73 3536 eote
95 3491 167 3534 vera
186 3469 320 3532 remissio
340 3473 459 3550 pseusti
479 3478 511 3533 et
531 3471 648 3537 sincera
669 3471 780 3534 ueritas
801 3482 858 3536 rat.

8 3709 99 3764 tune
119 3689 250 3782 igitur
267 3699 395 3763 nolite
415 3710 588 3764 muartre
609 3698 787 3776 conflet)
803 3680 934 3762 senon

624 3805 695 3866 22²³
